% Encoding: UTF-8

@InProceedings{Klose1998,
  author       = {Klose, A D and Hielscher, A H and Hanson, K M and Beuthan, J},
  title        = {Two-and three-dimensional optical tomography of finger joints for diagnostics of rheumatoid arthritis},
  booktitle    = {BiOS Europe'98},
  year         = {1998},
  organization = {International Society for Optics and Photonics},
  pages        = {151--160},
}

@InProceedings{prapavat1995evaluation,
  author       = {Prapavat, Viravuth and Schuetz, Rijk and Runge, Wolfram and Beuthan, Juergen and Mueller, Gerhard J},
  title        = {Evaluation of scattered light distributions of cw-transillumination for functional diagnostic of rheumatic disorders in interphalangeal joints},
  booktitle    = {BiOS Europe'95},
  year         = {1995},
  organization = {International Society for Optics and Photonics},
  pages        = {121--129},
}

@Article{barrett2000impact,
  author    = {Barrett, E M and Scott, D G I and Wiles, N J and Symmons, D P M},
  title     = {The impact of rheumatoid arthritis on employment status in the early years of disease: a UK community-based study},
  journal   = {Rheumatology},
  year      = {2000},
  volume    = {39},
  number    = {12},
  pages     = {1403--1409},
  publisher = {Br Soc Rheumatology},
}

@Article{van2010long,
  author    = {van der Linden, M P M and Le Cessie, S and Raza, K and van der Woude, D and Knevel, R and Huizinga, T W J and van der Helm-van Mil, A and others},
  title     = {Long-term impact of delay in assessment of patients with early arthritis},
  journal   = {Arthritis \& Rheumatism},
  year      = {2010},
  volume    = {62},
  number    = {12},
  pages     = {3537--3546},
  publisher = {Wiley Online Library},
}

@Article{xu2001imaging,
  author    = {Xu, Y and Iftimia, N and Jiang, H and Key, L and Bolster, M},
  title     = {Imaging of in vitro and in vivo bones and joints with continuous-wave diffuse optical tomography},
  journal   = {Optics Express},
  year      = {2001},
  volume    = {8},
  number    = {7},
  pages     = {447--451},
  publisher = {Optical Society of America},
}

@Article{suresh2004diagnosis,
  author    = {Suresh, E},
  title     = {Diagnosis of early rheumatoid arthritis: what the non-specialist needs to know},
  year      = {2004},
  volume    = {97},
  number    = {9},
  pages     = {421--424},
  journal   = {Journal of the Royal Society of Medicine},
  publisher = {SAGE Publications},
}

@Article{nell2004benefit,
  author    = {Nell, V P K and Machold, K P and Eberl, G and Stamm, T A and Uffmann, M and Smolen, J S},
  title     = {Benefit of very early referral and very early therapy with disease-modifying anti-rheumatic drugs in patients with early rheumatoid arthritis},
  journal   = {Rheumatology},
  year      = {2004},
  volume    = {43},
  number    = {7},
  pages     = {906--914},
  publisher = {Br Soc Rheumatology},
}

@Article{raza2005early,
  author    = {Raza, K and Falciani, F and Curnow, S J and Ross, E J and Lee, C and Akbar, A N and Lord, J M and Gordon, C and Buckley, C D and Salmon, M},
  title     = {Early rheumatoid arthritis is characterized by a distinct and transient synovial fluid cytokine profile of T cell and stromal cell origin},
  journal   = {Arthritis research \& therapy},
  year      = {2005},
  volume    = {7},
  number    = {4},
  pages     = {1},
  publisher = {BioMed Central},
}

@Article{landewe2002cobra,
  author    = {Landew{\'e}, R and Boers, M and Verhoeven, A C and Westhovens, R and van de Laar, M AFJ and Markusse, H M and van Denderen, J C and Westedt, M L and Peeters, A J and Dijkmans, B A C and others},
  title     = {COBRA combination therapy in patients with early rheumatoid arthritis: long-term structural benefits of a brief intervention},
  journal   = {Arthritis \& Rheumatism},
  year      = {2002},
  volume    = {46},
  number    = {2},
  pages     = {347--356},
  publisher = {Wiley Online Library},
}

@Article{lund1970oxygen,
  author    = {Lund-Olesen, K},
  title     = {Oxygen tension in synovial fluids},
  journal   = {Arthritis \& Rheumatism},
  year      = {1970},
  volume    = {13},
  number    = {6},
  pages     = {769--776},
  publisher = {Wiley Online Library},
}

@Article{konisti2012hypoxia,
  author    = {Konisti, S and Kiriakidis, S and Paleolog, E M},
  title     = {Hypoxia-a key regulator of angiogenesis and inflammation in rheumatoid arthritis},
  journal   = {Nature Reviews Rheumatology},
  year      = {2012},
  volume    = {8},
  number    = {3},
  pages     = {153--162},
  publisher = {Nature Publishing Group},
}

@Article{akhavani2009hypoxia,
  author    = {Akhavani, M A and Madden, L and Buysschaert, I and Sivakumar, B and Kang, N and Paleolog, E M},
  title     = {Hypoxia upregulates angiogenesis and synovial cell migration in rheumatoid arthritis},
  journal   = {Arthritis research \& therapy},
  year      = {2009},
  volume    = {11},
  number    = {3},
  pages     = {1},
  publisher = {BioMed Central},
}

@Article{falchuk1970respiratory,
  author    = {Falchuk, K H and Goetzl, E J and Kulka, J P},
  title     = {Respiratory gases of synovial fluids: an approach to synovial tissue circulatory-metabolic imbalance in rheumatoid arthritis},
  journal   = {The American journal of medicine},
  year      = {1970},
  volume    = {49},
  number    = {2},
  pages     = {223--231},
  publisher = {Elsevier},
}

@Article{xu2002three,
  author    = {Xu, Y and Iftimia, N and Jiang, H and Key, L L and Bolster, M B},
  title     = {Three-dimensional diffuse optical tomography of bones and joints},
  journal   = {Journal of biomedical optics},
  year      = {2002},
  volume    = {7},
  number    = {1},
  pages     = {88--92},
  publisher = {International Society for Optics and Photonics},
}

@Article{van2016assessment,
  author    = {van Onna, M and Ten Cate, D F and Tsoi, K L and Meier, A J L and Jacobs, J W G and Westgeest, A A A and Meijer, P B L and van Beek, M C and Rensen, W H J and Bijlsma, J W J},
  title     = {Assessment of disease activity in patients with rheumatoid arthritis using optical spectral transmission measurements, a non-invasive imaging technique},
  journal   = {Annals of the rheumatic diseases},
  year      = {2016},
  volume    = {75},
  number    = {3},
  pages     = {511--518},
  publisher = {BMJ Publishing Group Ltd and European League Against Rheumatism},
}

@Article{van2016challenging,
  author    = {van Onna, M and Boonen, A},
  title     = {The challenging interplay between rheumatoid arthritis, ageing and comorbidities},
  journal   = {BMC musculoskeletal disorders},
  year      = {2016},
  volume    = {17},
  number    = {1},
  pages     = {1},
  publisher = {BioMed Central},
}

@InProceedings{prapavat1998evaluation,
  author       = {Prapavat, V and Luhmann, T and Krause, A and Backhaus, M and Beuthan, J and Mueller, G J},
  title        = {Evaluation of early rheumatic disorders in PIP joints using a cw-transillumination method: first clinical results},
  booktitle    = {BiOS Europe'97},
  year         = {1998},
  organization = {International Society for Optics and Photonics},
  pages        = {71--78},
}

@InProceedings{prapavat1995vivo,
  author       = {Prapavat, V and Mans, J and Schuetz, R and Regling, G and Beuthan, J and Mueller, G J},
  title        = {In-vivo investigations on the detection of chronical polyarthritis (cP) using a cw-transillumination method at interphalangeal joints},
  booktitle    = {BiOS Europe'95},
  year         = {1995},
  organization = {International Society for Optics and Photonics},
  pages        = {360--366},
}

@Article{beuthan2002light,
  author    = {Beuthan, J and Netz, U and Minet, O and Klose, Annerose D and Hielscher, A H and Scheel, A and Henniger, J and M{\"u}ller, G},
  title     = {Light scattering study of rheumatoid arthritis},
  journal   = {Quantum Electronics},
  year      = {2002},
  volume    = {32},
  number    = {11},
  pages     = {945--952},
  publisher = {Turpion Ltd},
}

@InProceedings{beuthan1996diagnosis,
  author       = {Beuthan, J and Prapavat, V and Naber, R-D and Minet, O and Mueller, G J},
  title        = {Diagnosis of inflammatory rheumatic diseases with photon density waves},
  booktitle    = {Photonics West'96},
  year         = {1996},
  organization = {International Society for Optics and Photonics},
  pages        = {43--53},
}

@Article{golovko2011optical,
  author    = {Golovko, D and Meier, R and Rummeny, E and Daldrup-Link, H},
  title     = {Optical imaging of rheumatoid arthritis},
  journal   = {International journal of clinical rheumatology},
  year      = {2011},
  volume    = {6},
  number    = {1},
  pages     = {67--75},
  publisher = {Future Medicine},
}

@Article{minet2007analysis,
  author    = {Minet, O and Gajewski, H and Griepentrog, J A and Beuthan, J},
  title     = {The analysis of laser light scattering during rheumatoid arthritis by image segmentation},
  journal   = {Laser Physics Letters},
  year      = {2007},
  volume    = {4},
  number    = {8},
  pages     = {604},
  publisher = {IOP Publishing},
}

@Article{minet2005deconvolution,
  author    = {Minet, O and Zabarylo, U and Beuthan, J},
  title     = {Deconvolution of laser based images for monitoring rheumatoid arthritis},
  year      = {2005},
  volume    = {2},
  number    = {11},
  pages     = {556},
  journal   = {Laser Physics Letters},
  publisher = {IOP Publishing},
}

@Article{minet2010diagnosis,
  author    = {Minet, O and Scheibe, P and Zabarylo, U J},
  title     = {Diagnosis of rheumatoid arthritis using light: correction of motion artefacts and color visualization of multispectral images},
  journal   = {Journal of biophotonics},
  year      = {2010},
  volume    = {3},
  number    = {3},
  pages     = {130--137},
  publisher = {Wiley Online Library},
}

@Article{amitai2015comparison,
  author    = {Amitai, I and Werner, S and Schicke, B and Burmester, G-R and Minet, O and Zabary{\l}o, U and Backhaus, M and Ohrndorf, S},
  title     = {Comparison of Photo Optical Imaging with Musculoskeletal Ultrasound and Clinical Examination in the Assessment of Inflammatory Activity in Proximal Interphalangeal Joints in Rheumatoid Arthritis and Osteoarthritis},
  journal   = {The Journal of rheumatology},
  year      = {2015},
  volume    = {42},
  number    = {9},
  pages     = {1595--1602},
  publisher = {The Journal of Rheumatology},
}

@Article{srinivasan2003interpreting,
  author    = {Srinivasan, S and Pogue, B W and Jiang, S and Dehghani, H and Kogel, C and Soho, S and Gibson, J J and Tosteson, T D and Poplack, S P and Paulsen, K D},
  title     = {Interpreting hemoglobin and water concentration, oxygen saturation, and scattering measured in vivo by near-infrared breast tomography},
  journal   = {Proceedings of the National Academy of Sciences},
  year      = {2003},
  volume    = {100},
  number    = {21},
  pages     = {12349--12354},
  publisher = {National Acad Sciences},
}

@Article{boas2004diffuse,
  author    = {Boas, D A and Dale, A M and Franceschini, M A},
  title     = {Diffuse optical imaging of brain activation: approaches to optimizing image sensitivity, resolution, and accuracy},
  journal   = {Neuroimage},
  year      = {2004},
  volume    = {23},
  pages     = {S275--S288},
  publisher = {Elsevier},
}

@Article{zhang2005three,
  author    = {Zhang, Q and Jiang, H},
  title     = {Three-dimensional diffuse optical tomography of simulated hand joints with a 64$\times$ 64-channel photodiodes-based optical system},
  journal   = {Journal of Optics A: Pure and Applied Optics},
  year      = {2005},
  volume    = {7},
  number    = {5},
  pages     = {224},
  publisher = {IOP Publishing},
}

@Article{yuan2009comparison,
  author    = {Yuan, Z and Zhang, Q and Sobel, E and Jiang, H},
  title     = {Comparison of diffusion approximation and higher order diffusion equations for optical tomography of osteoarthritis},
  journal   = {Journal of biomedical optics},
  year      = {2009},
  volume    = {14},
  number    = {5},
  pages     = {054013--054013},
  publisher = {International Society for Optics and Photonics},
}

@Article{konecky2008imaging,
  author    = {Konecky, Soren D and Panasyuk, George Y and Lee, Kijoon and Markel, Vadim and Yodh, Arjun G and Schotland, John C},
  title     = {Imaging complex structures with diffuse light},
  year      = {2008},
  volume    = {16},
  number    = {7},
  pages     = {5048--5060},
  journal   = {Optics express},
  publisher = {Optical Society of America},
}

@Article{yuan2008tomographic,
  author    = {Yuan, Z and Zhang, Q and Sobel, E S and Jiang, H},
  title     = {Tomographic x-ray--guided three-dimensional diffuse optical tomography of osteoarthritis in the finger joints},
  journal   = {Journal of biomedical optics},
  year      = {2008},
  volume    = {13},
  number    = {4},
  pages     = {044006--044006},
  publisher = {International Society for Optics and Photonics},
}

@Article{hielscher2004sagittal,
  author    = {Hielscher, A H and Klose, A D and Scheel, A K and Moa-Anderson, B and Backhaus, M and Netz, U and Beuthan, J},
  title     = {Sagittal laser optical tomography for imaging of rheumatoid finger joints},
  journal   = {Physics in medicine and biology},
  year      = {2004},
  volume    = {49},
  number    = {7},
  pages     = {1147},
  publisher = {IOP Publishing},
}

@Article{hielscher2011frequency,
  author    = {Hielscher, A H and Kim, H K and Montejo, L D and Blaschke, S and Netz, U J and Zwaka, P A and Illing, G and Muller, G A and Beuthan, J},
  title     = {Frequency-domain optical tomographic imaging of arthritic finger joints},
  journal   = {IEEE transactions on medical imaging},
  year      = {2011},
  volume    = {30},
  number    = {10},
  pages     = {1725--1736},
  publisher = {IEEE},
}

@Article{montejo2014computational,
  author = {Montejo, L},
  title  = {Computational Methods For The Diagnosis of Rheumatoid Arthritis With Diffuse Optical Tomography},
  year   = {2014},
}

@InProceedings{wu2014development,
  author       = {Wu, Hao Yang and Filer, Andrew and Styles, Iain and Dehghani, Hamid},
  title        = {Development of multispectral diffuse optical tomography system for early diagnosis of rheumatoid arthritis},
  booktitle    = {Biomedical Optics},
  year         = {2014},
  organization = {Optical Society of America},
  pages        = {BM3A--47},
}

@InProceedings{lighter2016assessing,
  author       = {Lighter, D and Clancy, M and Davies, D and Balanos, G M and Lucas, S J and Dehghani, H},
  title        = {Assessing the quantitative accuracy of continuous wave and frequency domain near infrared spectroscopy for detecting hypoxia in patients with traumatic brain injury},
  booktitle    = {Clinical and Translational Biophotonics},
  year         = {2016},
  organization = {Optical Society of America},
  pages        = {JW3A--44},
}

@Article{dehghani2009near,
  author    = {Dehghani, H and Eames, M E and Yalavarthy, P K and Davis, S C and Srinivasan, Sra and Carpenter, C M and Pogue, B W and Paulsen, K D},
  title     = {Near infrared optical tomography using NIRFAST: Algorithm for numerical model and image reconstruction},
  journal   = {Communications in numerical methods in engineering},
  year      = {2009},
  volume    = {25},
  number    = {6},
  pages     = {711--732},
  publisher = {Wiley Online Library},
}

@InProceedings{lasker2006comparison,
  author       = {Lasker, J and Ginat, D and Dwyer, E and Hielscher, A},
  title        = {Comparison of Static and Dynamic Optical Tomographic Imaging of Rheumatoid Joints},
  booktitle    = {Biomedical Topical Meeting},
  year         = {2006},
  organization = {Optical Society of America},
  pages        = {SC10},
}

@Article{lasker2007dynamic,
  author    = {Lasker, J M and Fong, C J and Ginat, D T and Dwyer, E and Hielscher, A H},
  title     = {Dynamic optical imaging of vascular and metabolic reactivity in rheumatoid joints},
  journal   = {Journal of biomedical optics},
  year      = {2007},
  volume    = {12},
  number    = {5},
  pages     = {052001--052001},
  publisher = {International Society for Optics and Photonics},
}

@Article{basevi2013simultaneous,
  author    = {Basevi, Hector RA and Guggenheim, James A and Dehghani, Hamid and Styles, Iain B},
  title     = {Simultaneous multiple view high resolution surface geometry acquisition using structured light and mirrors},
  year      = {2013},
  volume    = {21},
  number    = {6},
  pages     = {7222--7239},
  journal   = {Optics express},
  publisher = {Optical Society of America},
}

@Article{werner2012inflammation,
  author    = {Werner, S G and Langer, H-E and Ohrndorf, S and Bahner, M and Schott, P and Schwenke, C and Schirner, M and Bastian, H and Lind-Albrecht, G and Kurtz, B and others},
  title     = {Inflammation assessment in patients with arthritis using a novel in vivo fluorescence optical imaging technology},
  journal   = {Annals of the rheumatic diseases},
  year      = {2012},
  volume    = {71},
  number    = {4},
  pages     = {504--510},
  publisher = {BMJ Publishing Group Ltd and European League Against Rheumatism},
}

@Article{chen2005arthritis,
  author    = {Chen, W-T and Mahmood, U and Weissleder, R and Tung, C-H},
  title     = {Arthritis imaging using a near-infrared fluorescence folate-targeted probe},
  journal   = {Arthritis research \& therapy},
  year      = {2005},
  volume    = {7},
  number    = {2},
  pages     = {R310},
  publisher = {BioMed Central Ltd},
}

@Article{collins2015relating,
  author    = {Collins, J and Rudenski, A and Gibson, J and Howard, L and O'Driscoll, R},
  title     = {Relating oxygen partial pressure, saturation and content: the haemoglobin--oxygen dissociation curve},
  journal   = {Breathe},
  year      = {2015},
  volume    = {11},
  number    = {3},
  pages     = {194},
  publisher = {European Respiratory Society},
}

@Article{mohamed1990morphology,
  author  = {Mohamed-Ali, H and Hauer, R W and S{\"o}rensen, H},
  title   = {[Morphology and growth behavior of synovial cells in monolayer culture]},
  journal = {Zeitschrift fur Rheumatologie},
  year    = {1990},
  volume  = {50},
  number  = {2},
  pages   = {74--81},
}

@Article{brown2008explanation,
  author    = {Brown, A K and Conaghan, P G and Karim, Z and Quinn, M A and Ikeda, K and Peterfy, C G and Hensor, E and Wakefield, R J and O'Connor, P J and Emery, P},
  title     = {An explanation for the apparent dissociation between clinical remission and continued structural deterioration in rheumatoid arthritis},
  journal   = {Arthritis \& Rheumatism},
  year      = {2008},
  volume    = {58},
  number    = {10},
  pages     = {2958--2967},
  publisher = {Wiley Online Library},
}

@Article{filer2011utility,
  author    = {Filer, A and de Pablo, P and Allen, G and Nightingale, P and Jordan, A and Jobanputra, P and Bowman, S and Buckley, C D and Raza, K},
  title     = {Utility of ultrasound joint counts in the prediction of rheumatoid arthritis in patients with very early synovitis},
  journal   = {Annals of the rheumatic diseases},
  year      = {2011},
  volume    = {70},
  number    = {3},
  pages     = {500--507},
  publisher = {BMJ Publishing Group Ltd and European League Against Rheumatism},
}

@Article{strand2007biologic,
  author    = {Strand, V and Kimberly, R and Isaacs, J D},
  title     = {Biologic therapies in rheumatology: lessons learned, future directions},
  journal   = {Nature Reviews Drug Discovery},
  year      = {2007},
  volume    = {6},
  number    = {1},
  pages     = {75--92},
  publisher = {Nature Publishing Group},
}

@Article{van1996plain,
  author    = {van der Heijde, D M F M},
  title     = {Plain X-rays in rheumatoid arthritis: overview of scoring methods, their reliability and applicability},
  journal   = {Bailliere's clinical rheumatology},
  year      = {1996},
  volume    = {10},
  number    = {3},
  pages     = {435--453},
  publisher = {Elsevier},
}

@Article{jacobson2008radiographic,
  author    = {Jacobson, J A and Girish, G and Jiang, Y and Resnick, D},
  title     = {Radiographic Evaluation of Arthritis: Inflammatory Conditions 1},
  journal   = {Radiology},
  year      = {2008},
  volume    = {248},
  number    = {2},
  pages     = {378--389},
  publisher = {Radiological Society of North America},
}

@Article{hodgson2008mri,
  author    = {Hodgson, R J and O'Connor, P and Moots, R},
  title     = {MRI of rheumatoid arthritis-image quantitation for the assessment of disease activity, progression and response to therapy},
  journal   = {Rheumatology},
  year      = {2008},
  volume    = {47},
  number    = {1},
  pages     = {13--21},
  publisher = {Br Soc Rheumatology},
}

@Article{deng2016noninvasively,
  author    = {Deng, Z and Li, C},
  title     = {Noninvasively measuring oxygen saturation of human finger-joint vessels by multi-transducer functional photoacoustic tomography},
  journal   = {Journal of biomedical optics},
  year      = {2016},
  volume    = {21},
  number    = {6},
  pages     = {061009--061009},
  publisher = {International Society for Optics and Photonics},
}

@Article{wang2006imaging,
  author    = {Wang, X and Chamberland, D L and Carson, P L and Fowlkes, J B and Bude, R O and Jamadar, D A and Roessler, B J},
  title     = {Imaging of joints with laser-based photoacoustic tomography: an animal study},
  journal   = {Medical physics},
  year      = {2006},
  volume    = {33},
  number    = {8},
  pages     = {2691--2697},
  publisher = {American Association of Physicists in Medicine},
}

@Article{sun2009quantitative,
  author    = {Sun, Yao and Jiang, Huabei},
  title     = {Quantitative three-dimensional photoacoustic tomography of the finger joints: phantom studies in a spherical scanning geometry},
  year      = {2009},
  volume    = {54},
  number    = {18},
  pages     = {5457},
  journal   = {Physics in medicine and biology},
  publisher = {IOP Publishing},
}

@Article{sun2009quantitative2,
  author    = {Sun, Yao and Sobel, Eric and Jiang, Huabei},
  title     = {Quantitative three-dimensional photoacoustic tomography of the finger joints: an in vivo study},
  year      = {2009},
  volume    = {14},
  number    = {6},
  pages     = {064002--064002},
  journal   = {Journal of biomedical optics},
  publisher = {International Society for Optics and Photonics},
}

@Article{dehghani2010application,
  author    = {Dehghani, Hamid and Leblond, Frederic and Pogue, Brian W and Chauchard, Fabien},
  title     = {Application of spectral derivative data in visible and near-infrared spectroscopy},
  year      = {2010},
  volume    = {55},
  number    = {12},
  pages     = {3381},
  journal   = {Physics in medicine and biology},
  publisher = {IOP Publishing},
}

@Article{jermyn2013fast,
  author    = {Jermyn, Michael and Ghadyani, Hamid and Mastanduno, Michael A and Turner, Wes and Davis, Scott C and Dehghani, Hamid and Pogue, Brian W},
  title     = {Fast segmentation and high-quality three-dimensional volume mesh creation from medical images for diffuse optical tomography},
  year      = {2013},
  volume    = {18},
  number    = {8},
  pages     = {086007--086007},
  journal   = {Journal of biomedical optics},
  publisher = {International Society for Optics and Photonics},
}

@Article{han2015non,
  author    = {Han, S and Johansson, J and Mireles, M and Proctor, A R and Hoffman, M D and Vella, J B and Benoit, D S W and Durduran, T and Choe, R},
  title     = {Non-contact scanning diffuse correlation tomography system for three-dimensional blood flow imaging in a murine bone graft model},
  journal   = {Biomedical optics express},
  year      = {2015},
  volume    = {6},
  number    = {7},
  pages     = {2695--2712},
  publisher = {Optical Society of America},
}

@InProceedings{ren2016non,
  author       = {Ren, J and Han, S and Proctor, A R and Benoit, D S and Choe, R},
  title        = {Non-contact scanning diffuse optical tomography for three-dimensional vascular imaging in a murine bone graft model},
  booktitle    = {Optical Tomography and Spectroscopy},
  year         = {2016},
  organization = {Optical Society of America},
  pages        = {JM3A--7},
}

@Article{aletaha20102010,
  author    = {Aletaha, D and Neogi, T and Silman, A J and Funovits, J and Felson, D T and Bingham, C O and Birnbaum, N S and Burmester, G R and Bykerk, V P and Cohen, M D and others},
  title     = {2010 rheumatoid arthritis classification criteria: an American College of Rheumatology/European League Against Rheumatism collaborative initiative},
  journal   = {Arthritis \& Rheumatology},
  year      = {2010},
  volume    = {62},
  number    = {9},
  pages     = {2569--2581},
  publisher = {Wiley Online Library},
}

@Article{alexandrakis2005tomographic,
  author    = {Alexandrakis, George and Rannou, Fernando R and Chatziioannou, Arion F},
  title     = {Tomographic bioluminescence imaging by use of a combined optical-PET (OPET) system: a computer simulation feasibility study},
  journal   = {Physics in medicine and biology},
  year      = {2005},
  volume    = {50},
  number    = {17},
  pages     = {4225},
  publisher = {IOP Publishing},
}

@Article{arnett1988american,
  author    = {Arnett, F C and Edworthy, S M and Bloch, D A and Mcshane, D J and Fries, J F and Cooper, N S and Healey, L A and Kaplan, S R and Liang, M H and Luthra, H S and others},
  title     = {The American Rheumatism Association 1987 revised criteria for the classification of rheumatoid arthritis},
  journal   = {Arthritis \& Rheumatology},
  year      = {1988},
  volume    = {31},
  number    = {3},
  pages     = {315--324},
  publisher = {Wiley Online Library},
}

@Article{arridge1998nonuniqueness,
  author    = {Arridge, Simon R and Lionheart, William RB},
  title     = {Nonuniqueness in diffusion-based optical tomography},
  journal   = {Optics letters},
  year      = {1998},
  volume    = {23},
  number    = {11},
  pages     = {882--884},
  publisher = {Optical Society of America},
}

@Article{banal2008sensitivity,
  author    = {Banal, F and Dougados, M and Combescure, C and Gossec, L},
  title     = {Sensitivity and specificity of the American College of Rheumatology 1987 criteria for the diagnosis of rheumatoid arthritis according to disease duration: a systematic literature review and meta-analysis.},
  journal   = {Annals of the rheumatic diseases},
  year      = {2008},
  volume    = {67},
  number    = {7},
  pages     = {1184--1191},
  publisher = {BMJ Publishing Group Ltd},
}

@Article{bluett2014association,
  author    = {Bluett, J and Ibrahim, I and Plant, D and Hyrich, K L and Morgan, A W and Wilson, A G and Isaacs, J D and Gaston, H and Mulherin, D and Price, T and others},
  title     = {Association of a complement receptor 1 gene variant with baseline erythrocyte sedimentation rate levels in patients starting anti-TNF therapy in a UK rheumatoid arthritis cohort: results from the Biologics in Rheumatoid Arthritis Genetics and Genomics Study Syndicate cohort},
  journal   = {The pharmacogenomics journal},
  year      = {2014},
  volume    = {14},
  number    = {2},
  pages     = {171--175},
  publisher = {Nature Publishing Group},
}

@Article{boas2001simultaneous,
  author    = {Boas, D A and Gaudette, T and Arridge, S R},
  title     = {Simultaneous imaging and optode calibration with diffuse optical tomography},
  journal   = {Optics express},
  year      = {2001},
  volume    = {8},
  number    = {5},
  pages     = {263--270},
  publisher = {Optical Society of America},
}

@Article{brooksby2005combining,
  author    = {Brooksby, B and Jiang, S and Dehghani, H and Pogue, B W and Paulsen, K D and Weaver, J and Kogel, C and Poplack, S P},
  title     = {Combining near-infrared tomography and magnetic resonance imaging to study in vivo breast tissue: implementation of a Laplacian-type regularization to incorporate magnetic resonance structure},
  journal   = {Journal of biomedical optics},
  year      = {2005},
  volume    = {10},
  number    = {5},
  pages     = {051504--051504},
  publisher = {International Society for Optics and Photonics},
}

@Article{brooksby2005spectral,
  author    = {Brooksby, B and Srinivasan, S and Jiang, S and Dehghani, H and Pogue, B W and Paulsen, K D and Weaver, J and Kogel, C and Poplack, S P},
  title     = {Spectral priors improve near-infrared diffuse tomography more than spatial priors},
  journal   = {Optics letters},
  year      = {2005},
  volume    = {30},
  number    = {15},
  pages     = {1968--1970},
  publisher = {Optical Society of America},
}

@Article{carpenter2007image,
  author    = {Carpenter, C M and Pogue, B W and Jiang, S and Dehghani, H and Wang, X and Paulsen, K D and Wells, W A and Forero, J and Kogel, C and Weaver, J B and others},
  title     = {Image-guided optical spectroscopy provides molecular-specific information in vivo: MRI-guided spectroscopy of breast cancer hemoglobin, water, and scatterer size},
  journal   = {Optics letters},
  year      = {2007},
  volume    = {32},
  number    = {8},
  pages     = {933--935},
  publisher = {Optical Society of America},
}

@Article{corlu2005diffuse,
  author    = {Corlu, A and Choe, R and Durduran, T and Lee, K and Schweiger, M and Arridge, S R and Hillman, E M C and Yodh, A G},
  title     = {Diffuse optical tomography with spectral constraints and wavelength optimization},
  journal   = {Applied optics},
  year      = {2005},
  volume    = {44},
  number    = {11},
  pages     = {2082--2093},
  publisher = {Optical Society of America},
}

@Article{cubeddu2000effects,
  author    = {Cubeddu, Rinaldo and D'Andrea, Cosimo and Pifferi, Antonio and Taroni, Paola and Torricelli, Alessandro and Valentini, Gianluca},
  title     = {Effects of the Menstrual Cycle on the Red and Near-infrared Optical Properties of the Human Breast},
  journal   = {Photochemistry and photobiology},
  year      = {2000},
  volume    = {72},
  number    = {3},
  pages     = {383--391},
  publisher = {BioOne},
}

@Article{dahlberg1992proteoglycan,
  author    = {Dahlberg, L and Ryd, L and Heineg{\aa}rd, D and Lohmander, L S},
  title     = {Proteoglycan fragments in joint fluid: influence of arthrosis and inflammation},
  journal   = {Acta Orthopaedica Scandinavica},
  year      = {1992},
  volume    = {63},
  number    = {4},
  pages     = {417--423},
  publisher = {Taylor \& Francis},
}

@Article{dehghani2009depth,
  author    = {Dehghani, Hamid and White, Brian R and Zeff, Benjamin W and Tizzard, Andrew and Culver, Joseph P},
  title     = {Depth sensitivity and image reconstruction analysis of dense imaging arrays for mapping brain function with diffuse optical tomography},
  journal   = {Applied optics},
  year      = {2009},
  volume    = {48},
  number    = {10},
  pages     = {D137--D143},
  publisher = {Optical Society of America},
}

@InProceedings{doulgerakis2017towards,
  author       = {Doulgerakis, Matthaios and Eggebrecht, Adam and Culver, Joseph and Dehghani, Hamid},
  title        = {Towards real-time functional human brain imaging with diffuse optical tomography},
  booktitle    = {European Conference on Biomedical Optics},
  year         = {2017},
  organization = {Optical Society of America},
  pages        = {1041209},
}

@Article{eames2008wavelength,
  author    = {Eames, M E and Wang, J and Pogue, B W and Dehghani, H},
  title     = {Wavelength band optimization in spectral near-infrared optical tomography improves accuracy while reducing data acquisition and computational burden},
  journal   = {Journal of biomedical optics},
  year      = {2008},
  volume    = {13},
  number    = {5},
  pages     = {054037--054037},
  publisher = {International Society for Optics and Photonics},
}

@Article{eggebrecht2012quantitative,
  author    = {Eggebrecht, A T and White, B R and Ferradal, S L and Chen, C and Zhan, Y and Snyder, A Z and Dehghani, H and Culver, J P},
  title     = {A quantitative spatial comparison of high-density diffuse optical tomography and fMRI cortical mapping},
  journal   = {Neuroimage},
  year      = {2012},
  volume    = {61},
  number    = {4},
  pages     = {1120--1128},
  publisher = {Elsevier},
}

@Article{el2002we,
  author    = {El-Gabalawy, H D and Lipsky, P E},
  title     = {Why do we not have a cure for rheumatoid arthritis?},
  journal   = {Arthritis Research \& Therapy},
  year      = {2002},
  volume    = {4},
  number    = {3},
  pages     = {S297},
  publisher = {BioMed Central},
}

@Article{gao2011effects,
  author    = {Gao, Lei and Elwell, Clare E and Kohl-Bareis, Matthias and Gramer, Marcus and Cooper, Chris E and Leung, Terence S and Tachtsidis, Ilias},
  title     = {Effects of assuming constant optical scattering on haemoglobin concentration measurements using NIRS during a Valsalva manoeuvre},
  journal   = {Advances in experimental medicine and biology},
  year      = {2011},
  volume    = {701},
  pages     = {15--20},
  publisher = {Springer},
}

@Article{guggenheim2016time,
  author    = {Guggenheim, James A and Bargigia, Ilaria and Farina, Andrea and Pifferi, Antonio and Dehghani, Hamid},
  title     = {Time resolved diffuse optical spectroscopy with geometrically accurate models for bulk parameter recovery},
  journal   = {Biomedical Optics Express},
  year      = {2016},
  volume    = {7},
  number    = {9},
  pages     = {3784--3794},
  publisher = {Optical Society of America},
}

@Article{guggenheim2013multi,
  author    = {Guggenheim, J A and Basevi, H R A and Frampton, J and Styles, I B and Dehghani, H},
  title     = {Multi-modal molecular diffuse optical tomography system for small animal imaging},
  journal   = {Measurement Science and Technology},
  year      = {2013},
  volume    = {24},
  number    = {10},
  pages     = {105405},
  publisher = {IOP Publishing},
}

@Article{gullick2010linking,
  author    = {Gullick, Nicola J and Evans, Hayley G and Church, Leigh D and Jayaraj, David M and Filer, Andrew and Kirkham, Bruce W and Taams, Leonie S},
  title     = {Linking power Doppler ultrasound to the presence of Th17 cells in the rheumatoid arthritis joint},
  journal   = {PLoS One},
  year      = {2010},
  volume    = {5},
  number    = {9},
  pages     = {e12516},
  publisher = {Public Library of Science},
}

@Article{gustafsson2000surpassing,
  author    = {Gustafsson, M G L},
  title     = {Surpassing the lateral resolution limit by a factor of two using structured illumination microscopy},
  journal   = {Journal of microscopy},
  year      = {2000},
  volume    = {198},
  number    = {2},
  pages     = {82--87},
  publisher = {Wiley Online Library},
}

@Article{haywood2001vasculature,
  author  = {Haywood, Lyane and Walsh, DA},
  title   = {Vasculature of the normal and arthritic synovial joint},
  journal = {Histology and histopathology},
  year    = {2001},
  volume  = {16},
  number  = {1},
  pages   = {277--284},
}

@Article{jacques2013optical,
  author    = {Jacques, S L},
  title     = {Optical properties of biological tissues: a review},
  journal   = {Physics in medicine and biology},
  year      = {2013},
  volume    = {58},
  number    = {11},
  pages     = {R37},
  publisher = {IOP Publishing},
}

@Article{lard2001early,
  author    = {Lard, Leroy R and Visser, Henk and Speyer, Irene and vander Horst-Bruinsma, Irene E and Zwinderman, Aeilko H and Breedveld, Ferdinand C and Hazes, Johanna MW},
  title     = {Early versus delayed treatment in patients with recent-onset rheumatoid arthritis: comparison of two cohorts who received different treatment strategies},
  journal   = {The American journal of medicine},
  year      = {2001},
  volume    = {111},
  number    = {6},
  pages     = {446--451},
  publisher = {Elsevier},
}

@Article{li2013review,
  author    = {Li, Qingli and He, Xiaofu and Wang, Yiting and Liu, Hongying and Xu, Dongrong and Guo, Fangmin},
  title     = {Review of spectral imaging technology in biomedical engineering: achievements and challenges},
  journal   = {Journal of biomedical optics},
  year      = {2013},
  volume    = {18},
  number    = {10},
  pages     = {100901--100901},
  publisher = {International Society for Optics and Photonics},
}

@InProceedings{lighter2017multispectral,
  author       = {Lighter, D and Filer, A and Dehghani, H},
  title        = {Multispectral diffuse optical tomography of finger joints},
  booktitle    = {European Conference on Biomedical Optics},
  year         = {2017},
  organization = {Optical Society of America},
  pages        = {104120N},
}

@Article{macgregor2000characterizing,
  author  = {MacGregor, A J and Snieder, H and Rigby, A S and Koskenvuo, M and Kaprio, J and Aho, K and Silman, A J and others},
  title   = {Characterizing the quantitative genetic contribution to rheumatoid arthritis using data from twins},
  journal = {Arthritis \& Rheumatism},
  year    = {2000},
  volume  = {43},
  number  = {1},
  pages   = {30},
}

@PhdThesis{mcbride2001spectroscopic,
  author = {McBride, Troy O},
  title  = {Spectroscopic reconstructed near infrared tomographic imaging for breast cancer diagnosis},
  year   = {2001},
  school = {Citeseer},
}

@Article{meier2012potential,
  author    = {Meier, A J L and Rensen, W HJ and de Bokx, P K and de Nijs, R N J},
  title     = {Potential of optical spectral transmission measurements for joint inflammation measurements in rheumatoid arthritis patients},
  journal   = {Journal of biomedical optics},
  year      = {2012},
  volume    = {17},
  number    = {8},
  pages     = {0814201--0814206},
  publisher = {International Society for Optics and Photonics},
}

@Article{montejo2013computer2,
  author    = {Montejo, Lier D and Jia, J and Kim, H K and Netz, U J and Blaschke, S and M{\"u}ller, G A and Hielscher, A H},
  title     = {Computer-aided diagnosis of rheumatoid arthritis with optical tomography, Part 2: image classification},
  journal   = {Journal of biomedical optics},
  year      = {2013},
  volume    = {18},
  number    = {7},
  pages     = {076002--076002},
  publisher = {International Society for Optics and Photonics},
}

@Article{montejo2013computer,
  author    = {Montejo, L D and Jia, J and Kim, H K and Netz, U J and Blaschke, S and M{\"u}ller, G A and Hielscher, A H},
  title     = {Computer-aided diagnosis of rheumatoid arthritis with optical tomography, Part 1: feature extraction},
  journal   = {Journal of biomedical optics},
  year      = {2013},
  volume    = {18},
  number    = {7},
  pages     = {076001--076001},
  publisher = {International Society for Optics and Photonics},
}

@Article{ng2010synovial,
  author    = {Ng, C T and Biniecka, M and Kennedy, A and McCormick, J and Fitzgerald, O and Bresnihan, B and Buggy, D and Taylor, C T and O'sullivan, J and Fearon, U and others},
  title     = {Synovial tissue hypoxia and inflammation in vivo},
  journal   = {Annals of the rheumatic diseases},
  year      = {2010},
  pages     = {1389–1395},
  publisher = {BMJ Publishing Group Ltd and European League Against Rheumatism},
}

@Article{orr2017synovial,
  author    = {Orr, C and Vieira-Sousa, E and Boyle, D L and Buch, M H and Buckley, C D and Ca{\~n}ete, J D and Catrina, A I and Choy, E H S and Emery, P and Fearon, E and others},
  title     = {Synovial tissue research: a state-of-the-art review},
  journal   = {Nature Reviews Rheumatology},
  year      = {2017},
  volume    = {13},
  number    = {8},
  pages     = {463-475},
  publisher = {Nature Publishing Group},
}

@InProceedings{penrose1955generalized,
  author       = {Penrose, R},
  title        = {A generalized inverse for matrices},
  booktitle    = {Mathematical proceedings of the Cambridge philosophical society},
  year         = {1955},
  volume       = {51},
  number       = {03},
  organization = {Cambridge Univ Press},
  pages        = {406--413},
}

@Article{phan2010practical,
  author    = {Phan, T G and Bullen, A},
  title     = {Practical intravital two-photon microscopy for immunological research: faster, brighter, deeper},
  journal   = {Immunology and cell biology},
  year      = {2010},
  volume    = {88},
  number    = {4},
  pages     = {438--444},
  publisher = {Nature Publishing Group},
}

@Article{pogue2004characterization,
  author    = {Pogue, Brian W and Jiang, Shudong and Dehghani, Hamid and Kogel, Christine and Soho, Sandra and Srinivasan, Subhadra and Song, Xiaomei and Tosteson, Tor D and Poplack, Steven P and Paulsen, Keith D},
  title     = {Characterization of hemoglobin, water, and NIR scattering in breast tissue: analysis of intersubject variability and menstrual cycle changes},
  journal   = {Journal of biomedical optics},
  year      = {2004},
  volume    = {9},
  number    = {3},
  pages     = {541--552},
  publisher = {International Society for Optics and Photonics},
}

@Article{ripoll2011derivation,
  author    = {Ripoll, J},
  title     = {Derivation of the scalar radiative transfer equation from energy conservation of Maxwell's equations in the far field},
  journal   = {Journal of the Optical Society of America A},
  year      = {2011},
  volume    = {28},
  number    = {8},
  pages     = {1765--1775},
  publisher = {Optical Society of America},
}

@Article{roblyer2011optical,
  author    = {Roblyer, Darren and Ueda, Shigeto and Cerussi, Albert and Tanamai, Wendy and Durkin, Amanda and Mehta, Rita and Hsiang, David and Butler, John A and McLaren, Christine and Chen, Wen-Pin and others},
  title     = {Optical imaging of breast cancer oxyhemoglobin flare correlates with neoadjuvant chemotherapy response one day after starting treatment},
  journal   = {Proceedings of the National Academy of Sciences},
  year      = {2011},
  volume    = {108},
  number    = {35},
  pages     = {14626--14631},
  publisher = {National Acad Sciences},
}

@Article{rust2006sub,
  author    = {Rust, M J and Bates, M and Zhuang, X},
  title     = {Sub-diffraction-limit imaging by stochastic optical reconstruction microscopy (STORM)},
  journal   = {Nature methods},
  year      = {2006},
  volume    = {3},
  number    = {10},
  pages     = {793--796},
  publisher = {Nature Publishing Group},
}

@Article{santos2012osteoarthritis,
  author    = {Santos-Moreno, P and Andrade, O and Chona, W and Amador, L and Villarreal, L and Urbina, A and Cubides, M and Bello, J},
  title     = {Osteoarthritis as a frequent cause of misdiagnosis of rheumathoid arthritis and how to perform correct diagnosis},
  journal   = {Osteoarthritis and Cartilage},
  year      = {2012},
  volume    = {20},
  pages     = {S165},
  publisher = {WB Saunders},
}

@Article{scheel2003laser,
  author    = {Scheel, Alexander K and Netz, Uwe J and Hermann, Kay-Geert A and Hielscher, Andreas H and Klose, Alexander D and Tresp, Volker and Schwaighofer, Anton and M{\"u}ller, Gerhard A and Burmester, Gerd-R and Backhaus, Marina},
  title     = {Laser imaging techniques for follow-up analysis of joint inflammation in patients with rheumatoid arthritis},
  journal   = {Medical Laser Application},
  year      = {2003},
  volume    = {18},
  number    = {3},
  pages     = {198--205},
  publisher = {Elsevier},
}

@Article{schweiger1993application,
  author    = {Schweiger, Martin and Arridge, Simon R and Delpy, David T},
  title     = {Application of the finite-element method for the forward and inverse models in optical tomography},
  journal   = {Journal of Mathematical Imaging and Vision},
  year      = {1993},
  volume    = {3},
  number    = {3},
  pages     = {263--283},
  publisher = {Springer},
}

@Article{shah2001noninvasive,
  author    = {Shah, Natasha and Cerussi, Albert and Eker, Charlotta and Espinoza, Jenny and Butler, John and Fishkin, Joshua and Hornung, Rene and Tromberg, Bruce},
  title     = {Noninvasive functional optical spectroscopy of human breast tissue},
  journal   = {Proceedings of the National Academy of Sciences},
  year      = {2001},
  volume    = {98},
  number    = {8},
  pages     = {4420--4425},
  publisher = {National Acad Sciences},
}

@Article{shmerling1992useful,
  author    = {Shmerling, Robert H and Delbanco, Thomas L},
  title     = {How useful is the rheumatoid factor?: an analysis of sensitivity, specificity, and predictive value},
  journal   = {Archives of internal medicine},
  year      = {1992},
  volume    = {152},
  number    = {12},
  pages     = {2417--2420},
  publisher = {American Medical Association},
}

@Article{srinivasan2005spectrally,
  author    = {Srinivasan, S and Pogue, B W and Jiang, S and Dehghani, H and Paulsen, K D},
  title     = {Spectrally constrained chromophore and scattering near-infrared tomography provides quantitative and robust reconstruction},
  journal   = {Applied optics},
  year      = {2005},
  volume    = {44},
  number    = {10},
  pages     = {1858--1869},
  publisher = {Optical Society of America},
}

@Article{sudol2013significance,
  author    = {Sudo{\l}-Szopi{\'n}ska, I and Kontny, E and Ma{\'s}li{\'n}ski, W and Prochorec-Sobieszek, Mika and Warczy{\'n}ska, A and Kwiatkowska, B},
  title     = {Significance of bone marrow edema in pathogenesis of rheumatoid arthritis},
  journal   = {Polish journal of radiology},
  year      = {2013},
  volume    = {78},
  number    = {1},
  pages     = {57},
  publisher = {Medical Science International},
}

@Article{turesson2003extra,
  author    = {Turesson, C and O'fallon, W M and Crowson, C S and Gabriel, S E and Matteson, E L},
  title     = {Extra-articular disease manifestations in rheumatoid arthritis: incidence trends and risk factors over 46 years},
  journal   = {Annals of the rheumatic diseases},
  year      = {2003},
  volume    = {62},
  number    = {8},
  pages     = {722--727},
  publisher = {BMJ Publishing Group Ltd and European League Against Rheumatism},
}

@Misc{Meshlab,
  author = {Visual Computing Lab ISTI - CNR},
  title  = {MeshLab},
  note   = {http://meshlab.sourceforge.net/},
}

@InProceedings{Warren2013,
  author    = {Warren, Michael and McKinnon, David and Upcroft, Ben},
  title     = {{Online Calibration of Stereo Rigs for Long-Term Autonomy}},
  booktitle = {International Conference on Robotics and Automation (ICRA)},
  year      = {2013},
  address   = {Karlsruhe},
  file      = {:E$\backslash$:/Dropbox/documents/Papers/ICRA2013/Online Calibration/onlinecalibration.pdf:pdf},
}

@Article{wu2016development,
  author    = {Wu, H Y and Filer, A and Styles, I and Dehghani, H},
  title     = {Development of a multi-wavelength diffuse optical tomography system for early diagnosis of rheumatoid arthritis: simulation, phantoms and healthy human studies},
  journal   = {Biomedical Optics Express},
  year      = {2016},
  volume    = {7},
  number    = {11},
  pages     = {4769--4786},
  publisher = {Optical Society of America},
}

@Article{yuan2007three,
  author    = {Yuan, Z and Zhang, Q and Sobel, E and Jiang, H},
  title     = {Three-dimensional diffuse optical tomography of osteoarthritis: initial results in the finger joints},
  journal   = {Journal of Biomedical Optics},
  year      = {2007},
  volume    = {12},
  number    = {3},
  pages     = {034001--034001},
  publisher = {International Society for Optics and Photonics},
}

@Article{yuan2010image,
  author    = {Yuan, Z and Zhang, Q and Sobel, E S and Jiang, H},
  title     = {Image-guided optical spectroscopy in diagnosis of osteoarthritis: a clinical study},
  journal   = {Biomedical optics express},
  year      = {2010},
  volume    = {1},
  number    = {1},
  pages     = {74--86},
  publisher = {Optical Society of America},
}

@Article{zhang1994iterative,
  author    = {Zhang, Zhengyou},
  title     = {Iterative point matching for registration of free-form curves and surfaces},
  journal   = {International journal of computer vision},
  year      = {1994},
  volume    = {13},
  number    = {2},
  pages     = {119--152},
  publisher = {Springer},
}

@Online{prahl2016,
  title = {Oregon Medical Laser Center (OMLC) “Optical Properties Spectra” compiled by Scott Prahl and Steven Jacques},
  year  = {Web page updated 2001, accessed 2016},
  url   = {http://omlc.ogi.edu/spectra/},
}

@Article{symmons2002prevalence,
  author    = {Symmons, D and Turner, G and Webb, R and Asten, P and Barrett, E and Lunt, M and Scott, D and Silman, A},
  title     = {The prevalence of rheumatoid arthritis in the United Kingdom: new estimates for a new century},
  journal   = {Rheumatology},
  year      = {2002},
  volume    = {41},
  number    = {7},
  pages     = {793--800},
  publisher = {Oxford University Press},
}

@Article{eggebrecht2014mapping,
  author    = {Eggebrecht, A T and Ferradal, S L and Robichaux-Viehoever, A and Hassanpour, M S and Dehghani, H and Snyder, A Z and Hershey, T and Culver, J P},
  title     = {Mapping distributed brain function and networks with diffuse optical tomography},
  journal   = {Nature photonics},
  year      = {2014},
  volume    = {8},
  number    = {6},
  pages     = {448--454},
  publisher = {Nature Research},
}

@PhdThesis{guggenheim2014multi,
  author = {Guggenheim, J A},
  title  = {Multi-modal diffuse optical tomography and bioluminescence tomography system for preclinical imaging},
  year   = {2014},
  school = {University of Birmingham},
}

@Book{tikhonov2013numerical,
  author    = {Tikhonov, A Nch and Goncharsky, A V and Stepanov, V V and Yagola, A G},
  title     = {Numerical methods for the solution of ill-posed problems},
  year      = {2013},
  volume    = {328},
  publisher = {Springer Science \& Business Media},
}

@Article{wakefield2004should,
  author    = {Wakefield, R J and Green, M J and Marzo-Ortega, H and Conaghan, P G and Gibbon, W W and McGonagle, D and Proudman, S and Emery, P},
  title     = {Should oligoarthritis be reclassified? Ultrasound reveals a high prevalence of subclinical disease},
  journal   = {Annals of the Rheumatic Diseases},
  year      = {2004},
  volume    = {63},
  number    = {4},
  pages     = {382--385},
  publisher = {BMJ Publishing Group Ltd},
}

@Article{terslev2017scoring,
  author    = {Terslev, Lene and Naredo, Esperanza and Aegerter, Philippe and Wakefield, Richard J and Backhaus, Marina and Balint, Peter and Bruyn, George AW and Iagnocco, Annamaria and Jousse-Joulin, Sandrine and Schmidt, Wolfgang A and others},
  title     = {Scoring ultrasound synovitis in rheumatoid arthritis: a EULAR-OMERACT ultrasound taskforce-Part 2: reliability and application to multiple joints of a standardised consensus-based scoring system},
  journal   = {RMD open},
  year      = {2017},
  volume    = {3},
  number    = {1},
  pages     = {e000427},
  publisher = {BMJ Specialist Journals},
}

@Article{d2017scoring,
  author    = {D'Agostino, Maria-Antonietta and Terslev, Lene and Aegerter, Philippe and Backhaus, Marina and Balint, Peter and Bruyn, George A and Filippucci, Emilio and Grassi, Walter and Iagnocco, Annamaria and Jousse-Joulin, Sandrine and others},
  title     = {Scoring ultrasound synovitis in rheumatoid arthritis: a EULAR-OMERACT ultrasound taskforce-Part 1: definition and development of a standardised, consensus-based scoring system},
  journal   = {RMD open},
  year      = {2017},
  volume    = {3},
  number    = {1},
  pages     = {e000428},
  publisher = {BMJ Specialist Journals},
}

@InProceedings{srinivasan2003validation,
  author       = {Srinivasan, S and Pogue, B W and Jiang, S and Dehghani, H and Paulsen, K D},
  title        = {Validation of hemoglobin and water molar absorption spectra in near-infrared diffuse optical tomography},
  booktitle    = {Optical Tomography and Spectroscopy of Tissue V},
  year         = {2003},
  volume       = {4955},
  organization = {International Society for Optics and Photonics},
  pages        = {407--416},
}

@Article{barrera2002drug,
  author    = {Barrera, P and van Der Maas, A and Van Ede, A E and Kiemeney, B A L M and Laan, R F J M and van de Putte, L B A and van Riel, P L C M},
  title     = {Drug survival, efficacy and toxicity of monotherapy with a fully human anti-tumour necrosis factor-$\alpha$ antibody compared with methotrexate in long-standing rheumatoid arthritis},
  journal   = {Rheumatology},
  year      = {2002},
  volume    = {41},
  number    = {4},
  pages     = {430--439},
  publisher = {Oxford University Press},
}

@Article{hyrich2006predictors,
  author    = {Hyrich, K L and Watson, K D and Silman, A J and Symmons, D P M},
  title     = {Predictors of response to anti-TNF-$\alpha$ therapy among patients with rheumatoid arthritis: results from the British Society for Rheumatology Biologics Register},
  journal   = {Rheumatology},
  year      = {2006},
  volume    = {45},
  number    = {12},
  pages     = {1558--1565},
  publisher = {Oxford University Press},
}

@Article{soliman2011impact,
  author    = {Soliman, M M and Ashcroft, D M and Watson, K D and Lunt, M and Symmons, D P M and Hyrich, K L and British Society for Rheumatology Biologics Register and others},
  title     = {Impact of concomitant use of DMARDs on the persistence with anti-TNF therapies in patients with rheumatoid arthritis: results from the British Society for Rheumatology Biologics Register},
  journal   = {Annals of the rheumatic diseases},
  year      = {2011},
  pages     = {annrheumdis139774},
  publisher = {BMJ Publishing Group Ltd},
}

@InProceedings{pugner2000costs,
  author       = {Pugner, Klaus M and Scott, David I and Holmes, Jeremy W and Hieke, Klaus},
  title        = {The costs of rheumatoid arthritis: an international long-term view},
  booktitle    = {Seminars in arthritis and rheumatism},
  year         = {2000},
  volume       = {29},
  number       = {5},
  organization = {Elsevier},
  pages        = {305--320},
}

@InProceedings{jo2017photoacoustic,
  author       = {Jo, J and Xu, G and Marquardt, A and Girish, G and Wang, X},
  title        = {Photoacoustic evaluation of human inflammatory arthritis in human joints},
  booktitle    = {Photons Plus Ultrasound: Imaging and Sensing 2017},
  year         = {2017},
  volume       = {10064},
  organization = {International Society for Optics and Photonics},
  pages        = {1006409},
}

@Article{besselink2018optical,
  author  = {Besselink, N J and van der Meijde, P and Rensen, W H J and Meijer, P B L and Marijnissen, A C A and van Laar, J M and Lafeber, F P J G and Jacobs, J W G},
  title   = {Optical spectral transmission to assess inflammation in hand and wrist joints of rheumatoid arthritis patients},
  journal = {Rheumatology},
  year    = {2018},
}

@Article{reuter2015head,
  author    = {Reuter, Martin and Tisdall, M Dylan and Qureshi, Abid and Buckner, Randy L and van der Kouwe, Andr{\'e} JW and Fischl, Bruce},
  title     = {Head motion during MRI acquisition reduces gray matter volume and thickness estimates},
  journal   = {Neuroimage},
  year      = {2015},
  volume    = {107},
  pages     = {107--115},
  publisher = {Elsevier},
}

@InProceedings{hoi2016non,
  author       = {Hoi, Jennifer W and Kim, Hyun and Hielscher, Andreas H},
  title        = {A Non-Contact Fiber-Less Diffuse Optical Tomographic System for Dynamic Imaging of the Feet with Peripheral Artery Disease},
  booktitle    = {Cancer Imaging and Therapy},
  year         = {2016},
  organization = {Optical Society of America},
  pages        = {JW3A--15},
}

@Article{lighter2018multispectral,
  author    = {Lighter, S and Hughes, J and Styles, I and Filer, A and Dehghani, H},
  title     = {Multispectral, non-contact diffuse optical tomography of healthy human finger joints},
  journal   = {Biomedical optics express},
  year      = {2018},
  volume    = {9},
  number    = {4},
  pages     = {1445--1460},
  publisher = {Optical Society of America},
}

@Article{jo2017functional,
  author    = {Jo, J and Xu, G and Cao, M and Marquardt, A and Francis, S and Gandikota, G and Wang, X},
  title     = {A Functional Study of Human Inflammatory Arthritis Using Photoacoustic Imaging},
  journal   = {Scientific reports},
  year      = {2017},
  volume    = {7},
  number    = {1},
  pages     = {15026},
  publisher = {Nature Publishing Group},
}

@Article{Nasui2014,
  author   = {Nasui, O C and Chan, M W and Nathanael, G and Crawley, A and Miller, E and Belik, J and Cheng, H-L and Kassner, A and Rayner, T and Weiss, R and Detzler, G and Zhong, A and Moineddin, R and Jong, R and Rogers, M and Doria, A S},
  title    = {Physiologic characterization of inflammatory arthritis in a rabbit model with BOLD and DCE MRI at 1.5 Tesla},
  journal  = {European Radiology},
  year     = {2014},
  volume   = {24},
  number   = {11},
  month    = {Nov},
  pages    = {2766--2778},
  issn     = {1432-1084},
  doi      = {10.1007/s00330-014-3331-6},
  url      = {https://doi.org/10.1007/s00330-014-3331-6},
  abstract = {Our aim was to test the feasibility of blood oxygen level dependent magnetic resonance imaging (BOLD MRI) and dynamic contrast-enhanced (DCE) MRI to monitor periarticular hypoxic/inflammatory changes over time in a juvenile rabbit model of arthritis.},
  day      = {01},
}

@Article{chan2014systematic,
  author    = {Chan, M W and Nathanael, G and Kis, A and Amirabadi, A and Zhong, A and Rayner, T and Weiss, R and Detzler, G and Jong, R and Gahunia, H and others},
  title     = {Systematic protocol for assessment of the validity of BOLD MRI in a rabbit model of inflammatory arthritis at 1.5 tesla},
  journal   = {Pediatric radiology},
  year      = {2014},
  volume    = {44},
  number    = {5},
  pages     = {566--575},
  publisher = {Springer},
}

@Article{mohajerani2014fluorescence,
  author    = {Mohajerani, Pouyan and Koch, Maximilian and Th{\"u}rmel, Klaus and Haller, Bernhard and Rummeny, Ernst J and Ntziachristos, Vasilis and Meier, Reinhard},
  title     = {Fluorescence-aided tomographic imaging of synovitis in the human finger},
  journal   = {Radiology},
  year      = {2014},
  volume    = {272},
  number    = {3},
  pages     = {865--874},
  publisher = {Radiological Society of North America},
}
%% report.bib - contains BiBtex input for bibliography
%% report.bib - contains BiBtex input for bibliography

@InProceedings{Avis1992,
  author        = {Avis, NJ and Barber, DC},
  title         = {Adjacent or polar drive?: image reconstruction implications in electrical impedance tomography systems employing filtered back projection},
  booktitle     = {Engineering in Medicine and Biology Society, 1992 14th Annual International Conference of the IEEE},
  year          = {1992},
  volume        = {5},
  organization  = {IEEE},
  pages         = {1689--1690},
  __markedentry = {[Dan:]},
}

@Article{Avis1994,
  author        = {Avis, NJ and Barber, DC},
  title         = {Image reconstruction using non-adjacent drive configurations (electric impedance tomography)},
  journal       = {Physiological measurement},
  year          = {1994},
  volume        = {15},
  number        = {2A},
  pages         = {A153},
  __markedentry = {[Dan:]},
  publisher     = {IOP Publishing},
}

@Article{Milej2016,
  author        = {Milej, Daniel and Abdalmalak, Androu and McLachlan, Peter and Diop, Mamadou and Liebert, Adam and Lawrence, Keith St},
  title         = {Subtraction-based approach for enhancing the depth sensitivity of time-resolved NIRS},
  journal       = {Biomedical optics express},
  year          = {2016},
  volume        = {7},
  number        = {11},
  pages         = {4514--4526},
  __markedentry = {[Dan:]},
  publisher     = {Optical Society of America},
}

@Article{Culver2001,
  author        = {Culver, JP and Ntziachristos, V and Holboke, MJ and Yodh, AG},
  title         = {Optimization of optode arrangements for diffuse optical tomography: A singular-value analysis},
  journal       = {Optics letters},
  year          = {2001},
  volume        = {26},
  number        = {10},
  pages         = {701--703},
  __markedentry = {[Dan:]},
  publisher     = {Optical Society of America},
}

@Article{Niu2010,
  author        = {Niu, Haijing and Tian, Fenghua and Lin, Zi-Jing and Liu, Hanli},
  title         = {Development of a compensation algorithm for accurate depth localization in diffuse optical tomography},
  journal       = {Optics letters},
  year          = {2010},
  volume        = {35},
  number        = {3},
  pages         = {429--431},
  __markedentry = {[Dan:]},
  publisher     = {Optical Society of America},
}

@Article{Pogue1999,
  author        = {Pogue, Brian W and McBride, Troy O and Prewitt, Judith and {\"O}sterberg, Ulf L and Paulsen, Keith D},
  title         = {Spatially variant regularization improves diffuse optical tomography},
  journal       = {Applied optics},
  year          = {1999},
  volume        = {38},
  number        = {13},
  pages         = {2950--2961},
  __markedentry = {[Dan:]},
  publisher     = {Optical Society of America},
}

@InProceedings{Tikhonov1963,
  author        = {Tikhonov, Andrei Nikolaevich},
  title         = {On the solution of ill-posed problems and the method of regularization},
  booktitle     = {Doklady Akademii Nauk},
  year          = {1963},
  volume        = {151},
  number        = {3},
  organization  = {Russian Academy of Sciences},
  pages         = {501--504},
  __markedentry = {[Dan:]},
}

@InProceedings{Wang2009,
  author        = {Wang, Jia and Pogue, Brian W and Jiang, Shudong and Paulsen, Keith D},
  title         = {Wavelength optimization of the spectral derivative method improves quantification of chromophore values in NIR reconstruction},
  booktitle     = {Optical Tomography and Spectroscopy of Tissue VIII},
  year          = {2009},
  volume        = {7174},
  organization  = {International Society for Optics and Photonics},
  pages         = {71740H},
  __markedentry = {[Dan:]},
}

@Article{Culver2003,
  author        = {Culver, JP and Choe, R and Holboke, MJ and Zubkov, L and Durduran, T and Slemp, A and Ntziachristos, V and Chance, B and Yodh, AG},
  title         = {Three-dimensional diffuse optical tomography in the parallel plane transmission geometry: Evaluation of a hybrid frequency domain/continuous wave clinical system for breast imaging},
  journal       = {Medical physics},
  year          = {2003},
  volume        = {30},
  number        = {2},
  pages         = {235--247},
  __markedentry = {[Dan:]},
  publisher     = {Wiley Online Library},
}

@Article{Naser2012,
  author        = {Naser, Mohamed A and Patterson, Michael S and Wong, John W},
  title         = {Self-calibrated algorithms for diffuse optical tomography and bioluminescence tomography using relative transmission images},
  journal       = {Biomedical optics express},
  year          = {2012},
  volume        = {3},
  number        = {11},
  pages         = {2794--2808},
  __markedentry = {[Dan:]},
  publisher     = {Optical Society of America},
}

@Article{Xu2013,
  author        = {Xu, Guan and Piao, Daqing},
  title         = {A geometric-sensitivity-difference based algorithm improves object depth-localization for diffuse optical tomography in a circular-array outward-imaging geometry},
  journal       = {Medical physics},
  year          = {2013},
  volume        = {40},
  number        = {1},
  __markedentry = {[Dan:]},
  publisher     = {Wiley Online Library},
}

@Article{Gunadi2014,
  author        = {Gunadi, Sonny and Leung, Terence S and Elwell, Clare E and Tachtsidis, Ilias},
  title         = {Spatial sensitivity and penetration depth of three cerebral oxygenation monitors},
  journal       = {Biomedical optics express},
  year          = {2014},
  volume        = {5},
  number        = {9},
  pages         = {2896--2912},
  __markedentry = {[Dan:]},
  publisher     = {Optical Society of America},
}

@Article{Arridge1998,
  author        = {Arridge, Simon R and Schweiger, Martin},
  title         = {A gradient-based optimisation scheme for optical tomography},
  journal       = {Optics Express},
  year          = {1998},
  volume        = {2},
  number        = {6},
  pages         = {213--226},
  __markedentry = {[Dan:]},
  publisher     = {Optical Society of America},
}

@Article{Wang2010,
  author        = {J Wang and S Jiang and Z Li and R M diFlorio-Alexander and R J Barth and P A Kaufman and B W Pogue and K D Paulsen},
  title         = {In vivo quantitative imaging of normal and cancerous breast tissue using broadband diffuse optical tomography},
  journal       = {Medical Physics},
  year          = {2010},
  volume        = {37},
  number        = {7},
  __markedentry = {[Dan:]},
}

@Article{McBride2001,
  author        = {McBride, Troy O and Pogue, Brian W and Jiang, Shudong and {\"O}sterberg, Ulf L and Paulsen, Keith D},
  title         = {A parallel-detection frequency-domain near-infrared tomography system for hemoglobin imaging of the breast in vivo},
  journal       = {Review of Scientific Instruments},
  year          = {2001},
  volume        = {72},
  number        = {3},
  pages         = {1817--1824},
  __markedentry = {[Dan:]},
  publisher     = {AIP},
}

@Article{Xu2005,
  author        = {Xu, Heng and Pogue, Brian W and Springett, Roger and Dehghani, Hamid},
  title         = {Spectral derivative based image reconstruction provides inherent insensitivity to coupling and geometric errors},
  journal       = {Optics letters},
  year          = {2005},
  volume        = {30},
  number        = {21},
  pages         = {2912--2914},
  __markedentry = {[Dan:]},
  publisher     = {Optical Society of America},
}

@InProceedings{Suzuki1999,
  author        = {Suzuki, Susumu and Takasaki, Sumio and Ozaki, Takeo and Kobayashi, Yukio},
  title         = {A tissue oxygenation monitor using NIR spatially resolved spectroscopy},
  booktitle     = {Proc Spie},
  year          = {1999},
  volume        = {3597},
  number        = {1},
  pages         = {582--92},
  __markedentry = {[Dan:]},
}

@Proceeding{W.PogueandShudongJiangandKeithD.Paulsen2009,
  author        = {Jia Wang,Brian W. Pogue,Shudong Jiang,Keith D. Paulsen},
  title         = {Wavelength optimization of the spectral derivative method improves quantification of chromophore values in NIR reconstruction},
  year          = {2009},
  doi           = {10.1117/12.810541},
  url           = {http://dx.doi.org/10.1117/12.810541},
  __markedentry = {[Dan:]},
  journal       = {Proc.SPIE},
  pages         = {7174 - 7174 - 7},
  volume        = {7174},
}

@Article{fuchs1989simplified,
  author    = {Fuchs, Howard A and Brooks, Raye H and Callahan, Leigh F and Pincus, Theodore},
  title     = {A simplified twenty-eight--joint quantitative articular index in rheumatoid arthritis},
  journal   = {Arthritis \& Rheumatology},
  year      = {1989},
  volume    = {32},
  number    = {5},
  pages     = {531--537},
  publisher = {Wiley Online Library},
}

@Article{prevoo1995modified,
  author    = {Prevoo, MLL and Van'T Hof, M\_A and Kuper, HH and Van Leeuwen, MA and Van De Putte, LBA and Van Riel, PLCM},
  title     = {Modified disease activity scores that include twenty-eight-joint counts development and validation in a prospective longitudinal study of patients with rheumatoid arthritis},
  journal   = {Arthritis \& Rheumatology},
  year      = {1995},
  volume    = {38},
  number    = {1},
  pages     = {44--48},
  publisher = {Wiley Online Library},
}

@Article{zhang2000flexible,
  author    = {Zhang, Zhengyou},
  title     = {A flexible new technique for camera calibration},
  journal   = {IEEE Transactions on pattern analysis and machine intelligence},
  year      = {2000},
  volume    = {22},
  number    = {11},
  pages     = {1330--1334},
  publisher = {IEEE},
}

@Book{cgal:eb-18a,
  author    = {{The CGAL Project}},
  title     = {{CGAL} User and Reference Manual},
  year      = {2018},
  edition   = {{4.12}},
  publisher = {{CGAL Editorial Board}},
  url       = {https://doc.cgal.org/4.12/Manual/packages.html},
}

@Article{srinivasan1984automated,
  author    = {Srinivasan, Venugopal and Liu, Hsin-Chu and Halioua, Maurice},
  title     = {Automated phase-measuring profilometry of 3-D diffuse objects},
  journal   = {Applied optics},
  year      = {1984},
  volume    = {23},
  number    = {18},
  pages     = {3105--3108},
  publisher = {Optical Society of America},
}

@Article{chu2009image,
  author    = {Chu, Michael and Dehghani, Hamid},
  title     = {Image reconstruction in diffuse optical tomography based on simplified spherical harmonics approximation},
  journal   = {Optics express},
  year      = {2009},
  volume    = {17},
  number    = {26},
  pages     = {24208--24223},
  publisher = {Optical Society of America},
}

@Article{chu2009light,
  author    = {Chu, Michael and Vishwanath, Karthik and Klose, Alexander D and Dehghani, Hamid},
  title     = {Light transport in biological tissue using three-dimensional frequency-domain simplified spherical harmonics equations},
  journal   = {Physics in Medicine \& Biology},
  year      = {2009},
  volume    = {54},
  number    = {8},
  pages     = {2493},
  publisher = {IOP Publishing},
}

@Article{imageEM2009,
  title = {EM-CCD. Technical Note},
  year  = {2009},
}

@Article{zhu2014pathologic,
  author    = {Zhu, Quing and Wang, Liqun and Tannenbaum, Susan and Ricci, Andrew and DeFusco, Patricia and Hegde, Poornima},
  title     = {Pathologic response prediction to neoadjuvant chemotherapy utilizing pretreatment near-infrared imaging parameters and tumor pathologic criteria},
  journal   = {Breast Cancer Research},
  year      = {2014},
  volume    = {16},
  number    = {5},
  pages     = {456},
  publisher = {BioMed Central},
}

@Article{soliman2010functional,
  author    = {Soliman, Hany and Gunasekara, Anoma and Rycroft, Mary and Zubovits, Judit and Dent, Rebecca and Spayne, Jacqueline and Yaffe, Martin J and Czarnota, Gregory J},
  title     = {Functional imaging using diffuse optical spectroscopy of neoadjuvant chemotherapy response in women with locally advanced breast cancer},
  journal   = {Clinical cancer research},
  year      = {2010},
  volume    = {16},
  number    = {9},
  pages     = {2605--2614},
  publisher = {AACR},
}

@Article{sahbudin2015observing,
  author    = {Sahbudin, Ilfita and Bell, Jason and Kumar, Kanta and Raza, Karim and Filer, Andrew},
  title     = {Observing real-time images during ultrasound-guided procedures improves patients' experience},
  journal   = {Rheumatology},
  year      = {2015},
  volume    = {55},
  number    = {3},
  pages     = {585--586},
  publisher = {Oxford University Press},
}

@Article{klose2006light,
  author    = {Klose, A D and Larsen, E W},
  title     = {Light transport in biological tissue based on the simplified spherical harmonics equations},
  journal   = {Journal of Computational Physics},
  year      = {2006},
  volume    = {220},
  number    = {1},
  pages     = {441--470},
  publisher = {Elsevier},
}

@Article{hielscher1998comparison,
  author    = {Hielscher, A H and Alcouffe, R E and Barbour, R L},
  title     = {Comparison of finite-difference transport and diffusion calculations for photon migration in homogeneous and heterogeneous tissues},
  journal   = {Physics in Medicine \& Biology},
  year      = {1998},
  volume    = {43},
  number    = {5},
  pages     = {1285},
  publisher = {IOP Publishing},
}

@InProceedings{glinton2017diagnosing,
  author       = {Glinton, S and Naylor, A J and Claridge, E},
  title        = {Diagnosing hypoxia in murine models of Rheumatoid Arthritis from reflectance multispectral images},
  booktitle    = {European Conference on Biomedical Optics},
  year         = {2017},
  organization = {Optical Society of America},
  pages        = {1041109},
}

@Article{dehghani1999photon,
  author    = {Dehghani, H and Delpy, D T and Arridge, S R},
  title     = {Photon migration in non-scattering tissue and the effects on image reconstruction},
  journal   = {Physics in medicine \& biology},
  year      = {1999},
  volume    = {44},
  number    = {12},
  pages     = {2897},
  publisher = {IOP Publishing},
}

@Article{dehghani2003effects,
  author    = {Dehghani, H and Brooksby, B and Vishwanath, K and Pogue, B W and Paulsen, K D},
  title     = {The effects of internal refractive index variation in near-infrared optical tomography: a finite element modelling approach},
  journal   = {Physics in Medicine \& Biology},
  year      = {2003},
  volume    = {48},
  number    = {16},
  pages     = {2713},
  publisher = {IOP Publishing},
}

@Article{cochran2018tissue,
  author    = {Cochran, Jeffrey M and Busch, David R and Leproux, Ana{\"\i}s and Zhang, Zheng and O'Sullivan, Thomas D and Cerussi, Albert E and Carpenter, Philip M and Mehta, Rita S and Roblyer, Darren and Yang, Wei and others},
  title     = {Tissue oxygen saturation predicts response to breast cancer neoadjuvant chemotherapy within 10 days of treatment},
  journal   = {Journal of biomedical optics},
  year      = {2018},
  volume    = {24},
  number    = {2},
  pages     = {021202},
  publisher = {International Society for Optics and Photonics},
}

@Article{cerussi2007predicting,
  author    = {Cerussi, Albert and Hsiang, David and Shah, Natasha and Mehta, Rita and Durkin, Amanda and Butler, John and Tromberg, Bruce J},
  title     = {Predicting response to breast cancer neoadjuvant chemotherapy using diffuse optical spectroscopy},
  journal   = {Proceedings of the National Academy of Sciences},
  year      = {2007},
  volume    = {104},
  number    = {10},
  pages     = {4014--4019},
  publisher = {National Acad Sciences},
}

@Article{barrett2004artifacts,
  author    = {Barrett, Julia F and Keat, Nicholas},
  title     = {Artifacts in CT: recognition and avoidance},
  journal   = {Radiographics},
  year      = {2004},
  volume    = {24},
  number    = {6},
  pages     = {1679--1691},
  publisher = {Radiological Society of North America},
}

@Article{aydin2002comparison,
  author    = {Aydin, E D and De Oliveira, C R E and Goddard, A J H},
  title     = {A comparison between transport and diffusion calculations using a finite element-spherical harmonics radiation transport method},
  journal   = {Medical physics},
  year      = {2002},
  volume    = {29},
  number    = {9},
  pages     = {2013--2023},
  publisher = {Wiley Online Library},
}

@Misc{galan1975beyond,
  author    = {Galan, RS and Gambino, SR},
  title     = {Beyond normality-the predictive value and efficiency of medical diagnosis},
  year      = {1975},
  publisher = {John Wiley and Sons, New York},
}

@Article{youden1950index,
  author    = {Youden, William J},
  title     = {Index for rating diagnostic tests},
  journal   = {Cancer},
  year      = {1950},
  volume    = {3},
  number    = {1},
  pages     = {32--35},
  publisher = {Wiley Online Library},
}

@Article{naredo2006interobserver,
  author    = {Naredo, E and M{\"o}ller, I and Moragues, C and De Agust{\'\i}n, J J and Scheel, A K and Grassi, W and de Miguel, E and Backhaus, M and Balint, P and Bruyn, G A W and others},
  title     = {Interobserver reliability in musculoskeletal ultrasonography: results from a "Teach the Teachers" rheumatologist course},
  journal   = {Annals of the rheumatic diseases},
  year      = {2006},
  volume    = {65},
  number    = {1},
  pages     = {14--19},
  publisher = {BMJ Publishing Group Ltd},
}

@Article{witt2013relevance,
  author    = {Witt, Matthias and Mueller, Felix and Nigg, Axel and Reindl, Christiane and Leipe, Jan and Proft, Fabian and Stein, Nicola and Hammitzsch, Ariane and Mayer, Stefan and Dechant, Claudia and others},
  title     = {Relevance of Grade 1 Gray-Scale Ultrasound Findings in Wrists and Small Joints to the Assessment of Subclinical Synovitis in Rheumatoid Arthritis},
  journal   = {Arthritis \& Rheumatology},
  year      = {2013},
  volume    = {65},
  number    = {7},
  pages     = {1694--1701},
  publisher = {Wiley Online Library},
}

@Article{padovano2015prevalence,
  author    = {Padovano, Ilaria and Costantino, F{\'e}licie and Breban, Maxime and D'agostino, Maria Antonietta},
  title     = {Prevalence of ultrasound synovial inflammatory findings in healthy subjects},
  journal   = {Annals of the rheumatic diseases},
  year      = {2015},
  pages     = {annrheumdis--2015},
  publisher = {BMJ Publishing Group Ltd},
}

@Article{zonios2001skin,
  author    = {Zonios, George and Bykowski, Julie and Kollias, Nikiforos},
  title     = {Skin melanin, hemoglobin, and light scattering properties can be quantitatively assessed in vivo using diffuse reflectance spectroscopy},
  journal   = {Journal of Investigative Dermatology},
  year      = {2001},
  volume    = {117},
  number    = {6},
  pages     = {1452--1457},
  publisher = {Elsevier},
}

@Article{harris2005clinical,
  author    = {Harris, E D},
  title     = {Clinical features of rheumatoid arthritis},
  journal   = {Kelley's textbook of rheumatology},
  year      = {2005},
  pages     = {1043--1078},
  publisher = {WB Saunders},
}

@Book{national2009rheumatoid,
  author    = {National Collaborating Centre for Chronic Conditions and others},
  title     = {Rheumatoid arthritis: national clinical guideline for management and treatment in adults},
  year      = {2009},
  publisher = {Royal College of Physicians of London},
}

@Article{scheel2006prospective,
  author    = {Scheel, A K and Hermann, K G A and Ohrndorf, S and Werner, C and Schirmer, C and Detert, J and Bollow, M and Hamm, B and M{\"u}ller, G A and Burmester, G R and others},
  title     = {Prospective 7 year follow up imaging study comparing radiography, ultrasonography, and magnetic resonance imaging in rheumatoid arthritis finger joints},
  journal   = {Annals of the rheumatic diseases},
  year      = {2006},
  volume    = {65},
  number    = {5},
  pages     = {595--600},
  publisher = {BMJ Publishing Group Ltd},
}

@Article{naredo2005assessment,
  author    = {Naredo, E and Bonilla, G and Gamero, F and Uson, J and Carmona, L and Laffon, A},
  title     = {Assessment of inflammatory activity in rheumatoid arthritis: a comparative study of clinical evaluation with grey scale and power Doppler ultrasonography},
  journal   = {Annals of the rheumatic diseases},
  year      = {2005},
  volume    = {64},
  number    = {3},
  pages     = {375--381},
  publisher = {BMJ Publishing Group Ltd},
}

@Article{seymour2012ultrasound,
  author    = {Seymour, Matthew W and Kelly, Stephen and Beals, Chan R and Malice, Marie-Pierre and Bolognese, James A and Dardzinski, Bernard J and Cheng, Amy S and Cummings, Corinne E and Smugar, Steven S and McClinton, Catherine and others},
  title     = {Ultrasound of metacarpophalangeal joints is a sensitive and reliable endpoint for drug therapies in rheumatoid arthritis: results of a randomized, two-center placebo-controlled study},
  journal   = {Arthritis research \& therapy},
  year      = {2012},
  volume    = {14},
  number    = {5},
  pages     = {R198},
  publisher = {BioMed Central},
}

@Article{foltz2012power,
  author    = {Foltz, V and Gandjbakhch, F and Etchepare, F and Rosenberg, C and Tanguy, M L and Rozenberg, S and Bourgeois, P and Fautrel, B},
  title     = {Power Doppler ultrasound, but not low-field magnetic resonance imaging, predicts relapse and radiographic disease progression in rheumatoid arthritis patients with low levels of disease activity},
  journal   = {Arthritis \& Rheumatology},
  year      = {2012},
  volume    = {64},
  number    = {1},
  pages     = {67--76},
  publisher = {Wiley Online Library},
}

@Article{szkudlarek2001power,
  author    = {Szkudlarek, M and Court-Payen, M and Strandberg, C and Klarlund, M and Klausen, T and {\O}stergaard, M},
  title     = {Power Doppler ultrasonography for assessment of synovitis in the metacarpophalangeal joints of patients with rheumatoid arthritis: a comparison with dynamic magnetic resonance imaging},
  journal   = {Arthritis \& Rheumatology},
  year      = {2001},
  volume    = {44},
  number    = {9},
  pages     = {2018--2023},
  publisher = {Wiley Online Library},
}

@Misc{barton2016stratified,
  author    = {Barton, A and Pitzalis, C},
  title     = {Stratified medicine in rheumatoid arthritis-the MATURA programme: Targeted treatment for patients},
  year      = {2016},
  publisher = {Oxford University Press},
}

@Article{jobsis1977noninvasive,
  author    = {Jobsis, F F},
  title     = {Noninvasive, infrared monitoring of cerebral and myocardial oxygen sufficiency and circulatory parameters},
  journal   = {Science},
  year      = {1977},
  volume    = {198},
  number    = {4323},
  pages     = {1264--1267},
  publisher = {American Association for the Advancement of Science},
}

@Article{mourant2000light,
  author    = {Mourant, J R and Canpolat, N and Brocker, C and Esponda-Ramos, O and Johnson, T M and Matanock, A and Stetter, K and Freyer, J P},
  title     = {Light scattering from cells: the contribution of the nucleus and the effects of proliferative status},
  journal   = {Journal of biomedical optics},
  year      = {2000},
  volume    = {5},
  number    = {2},
  pages     = {131--138},
  publisher = {International Society for Optics and Photonics},
}

@Article{beauvoit1994contribution,
  author    = {Beauvoit, B and Kitai, T and Chance, B},
  title     = {Contribution of the mitochondrial compartment to the optical properties of the rat liver: a theoretical and practical approach},
  journal   = {Biophysical Journal},
  year      = {1994},
  volume    = {67},
  number    = {6},
  pages     = {2501--2510},
  publisher = {Elsevier},
}

@Article{marina2012correlating,
  author    = {Marina, O C and Sanders, C K and Mourant, J R},
  title     = {Correlating light scattering with internal cellular structures},
  journal   = {Biomedical optics express},
  year      = {2012},
  volume    = {3},
  number    = {2},
  pages     = {296--312},
  publisher = {Optical Society of America},
}

@Article{van1991light,
  author    = {Van Staveren, H J and Moes, C J M and van Marie, J and Prahl, S A and Van Gemert, M J C},
  title     = {Light scattering in lntralipid-10\% in the wavelength range of 400--1100 nm},
  journal   = {Applied optics},
  year      = {1991},
  volume    = {30},
  number    = {31},
  pages     = {4507--4514},
  publisher = {Optical Society of America},
}

@Article{belanger2010real,
  author    = {B{\'e}langer, S and Abran, M and Intes, X and Casanova, C and Lesage, F},
  title     = {Real-time diffuse optical tomography based on structured illumination},
  journal   = {Journal of biomedical optics},
  year      = {2010},
  volume    = {15},
  number    = {1},
  pages     = {016006},
  publisher = {International Society for Optics and Photonics},
}

@Article{mourant1997predictions,
  author    = {Mourant, J R and Fuselier, T and Boyer, J and Johnson, T M and Bigio, I J},
  title     = {Predictions and measurements of scattering and absorption over broad wavelength ranges in tissue phantoms},
  journal   = {Applied optics},
  year      = {1997},
  volume    = {36},
  number    = {4},
  pages     = {949--957},
  publisher = {Optical Society of America},
}

@Article{yabunaka2016ultrasonographic,
  author    = {Yabunaka, Koichi and Murayama, Ryoko and Tanabe, Hidenori and Takahashi, Toshiaki and Oe, Makoto and Oya, Maiko and Fujioka, Masayuki and Sanada, Hiromi},
  title     = {Ultrasonographic classification of subcutaneous edema caused by infusion via peripheral intravenous catheter},
  journal   = {Journal of Medical Ultrasound},
  year      = {2016},
  volume    = {24},
  number    = {2},
  pages     = {60--65},
  publisher = {Elsevier},
}

@Article{dehghani2003multiwavelength,
  author    = {Dehghani, H and Pogue, B W and Poplack, S P and Paulsen, K D},
  title     = {Multiwavelength three-dimensional near-infrared tomography of the breast: initial simulation, phantom, and clinical results},
  journal   = {Applied Optics},
  year      = {2003},
  volume    = {42},
  number    = {1},
  pages     = {135--145},
  publisher = {Optical Society of America},
}

@Article{gibbs2013role,
  author    = {Gibbs, Julie E and Ray, David W},
  title     = {The role of the circadian clock in rheumatoid arthritis},
  journal   = {Arthritis research \& therapy},
  year      = {2013},
  volume    = {15},
  number    = {1},
  pages     = {205},
  publisher = {BioMed Central},
}

@Article{mikuls2014periodontitis,
  author    = {Mikuls, T R and Payne, J B and Yu, F and Thiele, G M and Reynolds, R J and Cannon, G W and Markt, J and McGowan, D and Kerr, G S and Redman, R S and others},
  title     = {Periodontitis and Porphyromonas gingivalis in patients with rheumatoid arthritis},
  journal   = {Arthritis \& rheumatology},
  year      = {2014},
  volume    = {66},
  number    = {5},
  pages     = {1090--1100},
  publisher = {Wiley Online Library},
}

@Article{zhang2015oral,
  author    = {Zhang, X and Zhang, D and Jia, H and Feng, Q and Wang, D and Liang, D and Wu, X and Li, J and Tang, L and Li, Y and others},
  title     = {The oral and gut microbiomes are perturbed in rheumatoid arthritis and partly normalized after treatment},
  journal   = {Nature medicine},
  year      = {2015},
  volume    = {21},
  number    = {8},
  pages     = {895},
  publisher = {Nature Publishing Group},
}

@Article{klareskog2006new,
  author    = {Klareskog, L and Stolt, P and Lundberg, K and K{\"a}llberg, H and Bengtsson, C and Grunewald, J and R{\"o}nnelid, J and Erlandsson Harris, H and Ulfgren, A and Rantap{\"a}{\"a}-Dahlqvist, S and others},
  title     = {A new model for an etiology of rheumatoid arthritis: smoking may trigger HLA--DR (shared epitope)--restricted immune reactions to autoantigens modified by citrullination},
  journal   = {Arthritis \& Rheumatism: Official Journal of the American College of Rheumatology},
  year      = {2006},
  volume    = {54},
  number    = {1},
  pages     = {38--46},
  publisher = {Wiley Online Library},
}

@Article{koumantaki1997family,
  author  = {Koumantaki, Y and Giziaki, E and Linos, A and Kontomerkos, A and Kaklamanis, P and Vaiopoulos, G and Mandas, J and Kaklamani, E},
  title   = {Family history as a risk factor for rheumatoid arthritis: a case-control study.},
  journal = {The Journal of rheumatology},
  year    = {1997},
  volume  = {24},
  number  = {8},
  pages   = {1522--1526},
}

@Article{mcinnes2011pathogenesis,
  author    = {McInnes, I B and Schett, G},
  title     = {The pathogenesis of rheumatoid arthritis},
  journal   = {New England Journal of Medicine},
  year      = {2011},
  volume    = {365},
  number    = {23},
  pages     = {2205--2219},
  publisher = {Mass Medical Soc},
}

@Article{gerlag2012eular,
  author    = {Gerlag, D M and Raza, K and van Baarsen, L G M and Brouwer, E and Buckley, C D and Burmester, G R and Gabay, C and Catrina, A I and Cope, A P and Cornelis, F and others},
  title     = {EULAR recommendations for terminology and research in individuals at risk of rheumatoid arthritis: report from the Study Group for Risk Factors for Rheumatoid Arthritis},
  journal   = {Annals of the rheumatic diseases},
  year      = {2012},
  pages     = {638--641},
  publisher = {BMJ Publishing Group Ltd},
}

@Article{van2009sex,
  author    = {van Vollenhoven, R F},
  title     = {Sex differences in rheumatoid arthritis: more than meets the eye...},
  journal   = {BMC medicine},
  year      = {2009},
  volume    = {7},
  number    = {1},
  pages     = {12},
  publisher = {BioMed Central},
}

@Article{ngo2014gender,
  author    = {Ngo, ST and Steyn, FJ and McCombe, PA},
  title     = {Gender differences in autoimmune disease},
  journal   = {Frontiers in neuroendocrinology},
  year      = {2014},
  volume    = {35},
  number    = {3},
  pages     = {347--369},
  publisher = {Elsevier},
}

@Article{smolen2010eular,
  author    = {Smolen, J S and Landew{\'e}, R and Breedveld, F C and Dougados, M and Emery, P and Gaujoux-Viala, C and Gorter, S and Knevel, R and Nam, J and Schoels, M and others},
  title     = {EULAR recommendations for the management of rheumatoid arthritis with synthetic and biological disease-modifying antirheumatic drugs},
  journal   = {Annals of the rheumatic diseases},
  year      = {2010},
  pages     = {964--975},
  publisher = {BMJ Publishing Group Ltd},
}

@Article{backhaus1999arthritis,
  author    = {Backhaus, M and Kamradt, T H and Sandrock, D and Loreck, D and Fritz, J and Wolf, K J and Raber, H and Hamm, B and Burmester, G-R and Bollow, M},
  title     = {Arthritis of the finger joints: a comprehensive approach comparing conventional radiography, scintigraphy, ultrasound, and contrast-enhanced magnetic resonance imaging},
  journal   = {Arthritis \& Rheumatism: Official Journal of the American College of Rheumatology},
  year      = {1999},
  volume    = {42},
  number    = {6},
  pages     = {1232--1245},
  publisher = {Wiley Online Library},
}

@Article{schafer2013quantitative,
  author    = {Sch{\"a}fer, V S and Hartung, W and Hoffstetter, P and Berger, J and Stroszczynski, C and M{\"u}ller, M and Fleck, M and Ehrenstein, B},
  title     = {Quantitative assessment of synovitis in patients with rheumatoid arthritis using fluorescence optical imaging},
  journal   = {Arthritis research \& therapy},
  year      = {2013},
  volume    = {15},
  number    = {5},
  pages     = {R124},
  publisher = {BioMed Central},
}

@Article{scott1986long,
  author    = {Scott, D L and Coulton, B L and Popert, A J},
  title     = {Long term progression of joint damage in rheumatoid arthritis.},
  journal   = {Annals of the Rheumatic Diseases},
  year      = {1986},
  volume    = {45},
  number    = {5},
  pages     = {373},
  publisher = {BMJ Publishing Group},
}

@Article{rupawala2018shining,
  author    = {Rupawala, M and Dehghani, H and Lucas, S J E and Tino, P and Cruse, D},
  title     = {Shining a light on awareness: A review of functional near-infrared spectroscopy for prolonged disorders of consciousness},
  journal   = {Frontiers in neurology},
  year      = {2018},
  volume    = {9},
  publisher = {Frontiers Media SA},
}

@Article{reisman2017structured,
  author    = {Reisman, M D and Markow, Z E and Bauer, A Q and Culver, J P},
  title     = {Structured illumination diffuse optical tomography for noninvasive functional neuroimaging in mice},
  journal   = {Neurophotonics},
  year      = {2017},
  volume    = {4},
  number    = {2},
  pages     = {021102},
  publisher = {International Society for Optics and Photonics},
}

@Article{conaghan2005eular,
  author    = {Conaghan, P and Bird, P and Ejbjerg, B and O'connor, P and Peterfy, C and McQueen, F and Lassere, M and Emery, P and Shnier, R and Edmonds, J and others},
  title     = {The EULAR--OMERACT rheumatoid arthritis MRI reference image atlas: the metacarpophalangeal joints},
  journal   = {Annals of the rheumatic diseases},
  year      = {2005},
  volume    = {64},
  number    = {suppl 1},
  pages     = {i11--i21},
  publisher = {BMJ Publishing Group Ltd},
}

@Article{scott2010RA,
  author    = {Scott, D and Wolfe, F and Huizinga, T},
  title     = {Rheumatoid arthritis},
  journal   = {The Lancet},
  year      = {2010},
  volume    = {376},
  number    = {9746},
  pages     = {1094--1108},
  publisher = {The Lancet},
}

@Article{bartok2010fibroblast,
  author    = {Bartok, B and Firestein, G S},
  title     = {Fibroblast-like synoviocytes: key effector cells in rheumatoid arthritis},
  journal   = {Immunological reviews},
  year      = {2010},
  volume    = {233},
  number    = {1},
  pages     = {233--255},
  publisher = {Wiley Online Library},
}

@Article{hebden2001three,
  author    = {Hebden, J C and Veenstra, H and Dehghani, H and Hillman, E MC and Schweiger, M and Arridge, S R and Delpy, Dd T},
  title     = {Three-dimensional time-resolved optical tomography of a conical breast phantom},
  journal   = {Applied Optics},
  year      = {2001},
  volume    = {40},
  number    = {19},
  pages     = {3278--3287},
  publisher = {Optical Society of America},
}

@Article{beuthan2007ra,
  author    = {Beuthan, J and Zabarylo, U and Krause, A and Taupitz, M and Minet, O},
  title     = {RA diagnostics using laser-optical images and conventional X-rays (fused imaging)},
  journal   = {Medical Laser Application},
  year      = {2007},
  volume    = {22},
  number    = {2},
  pages     = {127--133},
  publisher = {Elsevier},
}

@Article{flock1989monte,
  author    = {Flock, S T and Patterson, M S and Wilson, B C and Wyman, D R},
  title     = {Monte Carlo modeling of light propagation in highly scattering tissues. I. Model predictions and comparison with diffusion theory},
  journal   = {IEEE Transactions on biomedical Engineering},
  year      = {1989},
  volume    = {36},
  number    = {12},
  pages     = {1162--1168},
  publisher = {IEEE},
}

@Article{arridge1995photon,
  author    = {Arridge, S R and Schweiger, M},
  title     = {Photon-measurement density functions. Part 2: Finite-element-method calculations},
  journal   = {Applied Optics},
  year      = {1995},
  volume    = {34},
  number    = {34},
  pages     = {8026--8037},
  publisher = {Optical Society of America},
}

@InProceedings{patterson1989quantitative,
  author       = {Patterson, M S and Schwartz, E and Wilson, B C},
  title        = {Quantitative reflectance spectrophotometry for the noninvasive measurement of photosensitizer concentration in tissue during photodynamic therapy},
  booktitle    = {Photodynamic Therapy: Mechanisms},
  year         = {1989},
  volume       = {1065},
  organization = {International Society for Optics and Photonics},
  pages        = {115--123},
}

@InProceedings{fishkin1991diffusion,
  author       = {Fishkin, J B and Gratton, E and Mantulin, W W and others},
  title        = {Diffusion of intensity-modulated near-infrared light in turbid media},
  booktitle    = {Time-Resolved Spectroscopy and Imaging of Tissues},
  year         = {1991},
  volume       = {1431},
  organization = {International Society for Optics and Photonics},
  pages        = {122--136},
}

@Article{arridge1998gradient,
  author    = {Arridge, S R and Schweiger, M},
  title     = {A gradient-based optimisation scheme for optical tomography},
  journal   = {Optics Express},
  year      = {1998},
  volume    = {2},
  number    = {6},
  pages     = {213--226},
  publisher = {Optical Society of America},
}

@Article{hielscher1999gradient,
  author    = {Hielscher, A H and Klose, A D and Hanson, K M},
  title     = {Gradient-based iterative image reconstruction scheme for time-resolved optical tomography},
  journal   = {IEEE Transactions on medical imaging},
  year      = {1999},
  volume    = {18},
  number    = {3},
  pages     = {262--271},
  publisher = {IEEE},
}

@Article{jiang1996optical,
  author    = {Jiang, H and Paulsen, K D and Osterberg, U L and Pogue, B W and Patterson, M S},
  title     = {Optical image reconstruction using frequency-domain data: simulations and experiments},
  journal   = {JOSA A},
  year      = {1996},
  volume    = {13},
  number    = {2},
  pages     = {253--266},
  publisher = {Optical Society of America},
}

@InProceedings{arridge1992iterative,
  author       = {Arridge, Simon Robert and Schweiger, Martin and Delpy, David T},
  title        = {Iterative reconstruction of near-infrared absorption images},
  booktitle    = {Inverse Problems in Scattering and Imaging},
  year         = {1992},
  volume       = {1767},
  organization = {International Society for Optics and Photonics},
  pages        = {372--384},
}

@InProceedings{taylor2016development,
  author       = {Taylor, S L and Newsome, P N and Dehghani, H},
  title        = {Development of a Multi-Modal Optical Imaging System},
  booktitle    = {Optical Tomography and Spectroscopy},
  year         = {2016},
  organization = {Optical Society of America},
  pages        = {OTu2C--2},
}

@Book{long1977raman,
  author    = {Long, D A},
  title     = {Raman spectroscopy},
  year      = {1977},
  volume    = {276},
  publisher = {McGraw-Hill New York},
}

@Article{cheong1990review,
  author    = {Cheong, W-F and Prahl, S A and Welch, A J},
  title     = {A review of the optical properties of biological tissues},
  journal   = {IEEE journal of quantum electronics},
  year      = {1990},
  volume    = {26},
  number    = {12},
  pages     = {2166--2185},
  publisher = {IEEE},
}

@Article{paulsen1995spatially,
  author    = {Paulsen, K D and Jiang, H},
  title     = {Spatially varying optical property reconstruction using a finite element diffusion equation approximation},
  journal   = {Medical Physics},
  year      = {1995},
  volume    = {22},
  number    = {6},
  pages     = {691--701},
  publisher = {Wiley Online Library},
}

@Article{arridge1993finite,
  author    = {Arridge, S R and Schweiger, M and Hiraoka, M and Delpy, D T},
  title     = {A finite element approach for modeling photon transport in tissue},
  journal   = {Medical physics},
  year      = {1993},
  volume    = {20},
  number    = {2},
  pages     = {299--309},
  publisher = {Wiley Online Library},
}

@Article{arridge1999optical,
  author    = {Arridge, S R},
  title     = {Optical tomography in medical imaging},
  journal   = {Inverse problems},
  year      = {1999},
  volume    = {15},
  number    = {2},
  pages     = {R41},
  publisher = {IOP Publishing},
}

@Article{ostergaard2005imaging,
  author    = {{\O}stergaard, Mikkel and Ejbjerg, Bo and Szkudlarek, Marcin},
  title     = {Imaging in early rheumatoid arthritis: roles of magnetic resonance imaging, ultrasonography, conventional radiography and computed tomography},
  journal   = {Best Practice \& Research Clinical Rheumatology},
  year      = {2005},
  volume    = {19},
  number    = {1},
  pages     = {91--116},
  publisher = {Elsevier},
}

@InProceedings{schwaighofer2003ra,
  author    = {Schwaighofer, A and Tresp, V and Mayer, P and Scheel, S K and M{\"u}ller, G A},
  title     = {The RA scanner: Prediction of rheumatoid joint inflammation based on laser imaging},
  booktitle = {Advances in Neural Information Processing Systems},
  year      = {2003},
  pages     = {1433--1440},
}

@Article{scheel2002assessment,
  author    = {Scheel, A K and Krause, A and Mesecke-von Rheinbaben, I and Metzger, G and Rost, H and Tresp, V and Mayer, P and Reuss-Borst, M and M{\"u}ller, G A},
  title     = {Assessment of proximal finger joint inflammation in patients with rheumatoid arthritis, using a novel laser-based imaging technique},
  journal   = {Arthritis \& Rheumatism},
  year      = {2002},
  volume    = {46},
  number    = {5},
  pages     = {1177--1184},
  publisher = {Wiley Online Library},
}

@Article{harris2002hypoxia,
  author    = {Harris, A L},
  title     = {Hypoxia-a key regulatory factor in tumour growth},
  journal   = {Nature Reviews Cancer},
  year      = {2002},
  volume    = {2},
  number    = {1},
  pages     = {38},
  publisher = {Nature Publishing Group},
}

@Article{schweiger1995finite,
  author    = {Schweiger, M and Arridge, S R and Hiraoka, M and Delpy, D T},
  title     = {The finite element method for the propagation of light in scattering media: boundary and source conditions},
  journal   = {Medical physics},
  year      = {1995},
  volume    = {22},
  number    = {11},
  pages     = {1779--1792},
  publisher = {Wiley Online Library},
}

@Article{goldring2011inflammation,
  author    = {Goldring, M B and Otero, M},
  title     = {Inflammation in osteoarthritis},
  journal   = {Current opinion in rheumatology},
  year      = {2011},
  volume    = {23},
  number    = {5},
  pages     = {471},
  publisher = {NIH Public Access},
}

@Article{prapavat1997development,
  author  = {Prapavat, V and Runge, W and Mans, J and Krause, A and Beuthan, J and M{\"u}ller, G},
  title   = {The development of a finger joint phantom for the optical simulation of early inflammatory rheumatic changes},
  journal = {Biomedizinische Technik. Biomedical engineering},
  year    = {1997},
  volume  = {42},
  number  = {11},
  pages   = {319--326},
}

@Article{schwaighofer2003classification,
  author   = {A Schwaighofer and V Tresp and P Mayer and A Krause and J Beuthan and H Rost and G Metzger and G A Muller and A K Scheel},
  title    = {Classification of rheumatoid joint inflammation based on laser imaging},
  journal  = {IEEE Transactions on Biomedical Engineering},
  year     = {2003},
  volume   = {50},
  number   = {3},
  pages    = {375-382},
  issn     = {0018-9294},
  doi      = {10.1109/TBME.2003.808827},
  keywords = {diseases;orthopaedics;biomedical optical imaging;laser applications in medicine;image classification;medical image processing;patient monitoring;rheumatoid joint inflammation;laser imaging;classification system;arthritic ringer joints;optical characteristics;ringer joint tissue;baseline;follow-up;inflammatory status;linear systems;kernel-based systems;pathological ringer joints;arthritic changes;sensitive method;Gaussian process classification;support vector machine;Optical imaging;Fingers;Biomedical imaging;Medical diagnostic imaging;Joints;Biomedical optical imaging;Optical sensors;Laser modes;Pathology;Arthritis;Algorithms;Arthritis, Rheumatoid;Arthritis, Rheumatoid;Expert Systems;Finger Joint;Humans;Image Enhancement;Image Interpretation, Computer-Assisted;Lasers;Observer Variation;Pattern Recognition, Automated;Reproducibility of Results;Sensitivity and Specificity},
}

@Article{netz2001imaging,
  author    = {Netz, U and Beuthan, J and Cappius, H-J and Koch, H-C and Klose, A D and Hielscher, A H},
  title     = {Imaging of rheumatoid arthritis in finger joints by sagittal optical tomography},
  journal   = {Medical Laser Application},
  year      = {2001},
  volume    = {16},
  number    = {4},
  pages     = {306--310},
  publisher = {Elsevier},
}

@Article{prapavat1997determination,
  author  = {Prapavat, V and Runge, W and Mans, J and Krause, A and Beuthan, J and Mueller, G},
  title   = {Determination of optical tissue parameters of joint system at an early stage of rheumatoid arthritis (in vitro)},
  journal = {Minimal Invasive Medizin},
  year    = {1997},
  volume  = {8},
  number  = {1-2},
  pages   = {7--16},
}

@Article{netz2008multipixel,
  author    = {Netz, U J and Beuthan, J and Hielscher, A H},
  title     = {Multipixel system for gigahertz frequency-domain optical imaging of finger joints},
  journal   = {Review of Scientific Instruments},
  year      = {2008},
  volume    = {79},
  number    = {3},
  pages     = {034301},
  publisher = {AIP},
}

@Article{brooksby2003near,
  author    = {Brooksby, B A and Dehghani, H and Pogue, B W and Paulsen, K D},
  title     = {Near-infrared (NIR) tomography breast image reconstruction with a priori structural information from MRI: algorithm development for reconstructing heterogeneities},
  journal   = {IEEE Journal of selected topics in quantum electronics},
  year      = {2003},
  volume    = {9},
  number    = {2},
  pages     = {199--209},
  publisher = {IEEE},
}

@Article{varma2014speckle,
  author    = {Varma, Hari M and Valdes, Claudia P and Kristoffersen, Anna K and Culver, Joseph P and Durduran, Turgut},
  title     = {Speckle contrast optical tomography: A new method for deep tissue three-dimensional tomography of blood flow},
  journal   = {Biomedical optics express},
  year      = {2014},
  volume    = {5},
  number    = {4},
  pages     = {1275--1289},
  publisher = {Optical Society of America},
}

@InProceedings{son2013application,
  author       = {Son, Taeyoon and Jang, Won Hyuk and Park, Jihoon and Yoon, Hyung-Ju and Lee, Jeon and Kim, Wan-Uk and Jung, Byungjo},
  title        = {Application of laser speckle contrast image in the evaluation of arthritis animal model},
  booktitle    = {Photonic Therapeutics and Diagnostics IX},
  year         = {2013},
  volume       = {8565},
  organization = {International Society for Optics and Photonics},
  pages        = {85650Q},
}

@Article{prahl1999tabulated,
  author  = {Prahl, SA},
  title   = {Tabulated molar extinction coefficient for hemoglobin in water},
  journal = {http://omlc. ogi. edu/spectra/hemoglobin/summary. html},
  year    = {1999},
}

@Article{hale1973optical,
  author    = {Hale, George M and Querry, Marvin R},
  title     = {Optical constants of water in the 200-nm to 200-$\mu$m wavelength region},
  journal   = {Applied optics},
  year      = {1973},
  volume    = {12},
  number    = {3},
  pages     = {555--563},
  publisher = {Optical Society of America},
}

@InProceedings{meshlab,
  author    = {Cignoni, Paolo and Callieri, Marco and Corsini, Massimiliano and Dellepiane, Matteo and Ganovelli, Fabio and Ranzuglia, Guido},
  title     = {{MeshLab: an Open-Source Mesh Processing Tool}},
  booktitle = {Eurographics Italian Chapter Conference},
  year      = {2008},
  editor    = {Vittorio Scarano and Rosario De Chiara and Ugo Erra},
  publisher = {The Eurographics Association},
  isbn      = {978-3-905673-68-5},
  doi       = {10.2312/LocalChapterEvents/ItalChap/ItalianChapConf2008/129-136},
}

@InProceedings{audet2009user,
  author       = {Audet, Samuel and Okutomi, Masatoshi},
  title        = {A user-friendly method to geometrically calibrate projector-camera systems},
  booktitle    = {Computer Vision and Pattern Recognition Workshops, 2009. CVPR Workshops 2009. IEEE Computer Society Conference on},
  year         = {2009},
  organization = {IEEE},
  pages        = {47--54},
}

@Article{national2009services,
  author  = {National Audit Office},
  title   = {Services for people with rheumatoid arthritis},
  journal = {National Audit Office},
  year    = {2009},
  volume  = {823},
  pages   = {1--37},
}

@Article{kim2017update,
  author    = {Kim, K and Bang, S and Lee, H and Bae, S},
  title     = {Update on the genetic architecture of rheumatoid arthritis},
  journal   = {Nature Reviews Rheumatology},
  year      = {2017},
  volume    = {13},
  number    = {1},
  pages     = {13},
  publisher = {Nature Publishing Group},
}

@Article{witt2014ultrasound,
  author    = {Witt, Matthias N and Mueller, Felix and Weinert, Peter and Nigg, Axel P and Reindl, Christiane S and Proft, Fabian and Schulze-Koops, Hendrik and Grunke, Mathias},
  title     = {Ultrasound of synovitis in rheumatoid arthritis: advantages of the dorsal over the palmar approach to finger joints},
  journal   = {The Journal of rheumatology},
  year      = {2014},
  pages     = {jrheum--131027},
  publisher = {The Journal of Rheumatology},
}

@Article{cooper2012systematic,
  author    = {Cooper, Robert and Selb, Juliette and Gagnon, Louis and Phillip, Dorte and Schytz, Henrik W and Iversen, Helle K and Ashina, Messoud and Boas, David A},
  title     = {A systematic comparison of motion artifact correction techniques for functional near-infrared spectroscopy},
  journal   = {Frontiers in neuroscience},
  year      = {2012},
  volume    = {6},
  pages     = {147},
  publisher = {Frontiers},
}

@Article{hoi2018non,
  author    = {Hoi, J W and Kim, H K and Fong, C J and Zweck, L and Hielscher, A H},
  title     = {Non-contact dynamic diffuse optical tomography imaging system for evaluating lower extremity vasculature},
  journal   = {Biomedical optics express},
  year      = {2018},
  volume    = {9},
  number    = {11},
  pages     = {5597--5614},
  publisher = {Optical Society of America},
}

@Article{dosenbach2017real,
  author    = {Dosenbach, Nico UF and Koller, Jonathan M and Earl, Eric A and Miranda-Dominguez, Oscar and Klein, Rachel L and Van, Andrew N and Snyder, Abraham Z and Nagel, Bonnie J and Nigg, Joel T and Nguyen, Annie L and others},
  title     = {Real-time motion analytics during brain MRI improve data quality and reduce costs},
  journal   = {Neuroimage},
  year      = {2017},
  volume    = {161},
  pages     = {80--93},
  publisher = {Elsevier},
}

@Article{lu20181,
  author    = {Lu, W and Lighter, D and Styles, I B},
  title     = {L 1-norm based nonlinear reconstruction improves quantitative accuracy of spectral diffuse optical tomography},
  journal   = {Biomedical optics express},
  year      = {2018},
  volume    = {9},
  number    = {4},
  pages     = {1423--1444},
  publisher = {Optical Society of America},
}

@Book{altman1990practical,
  author    = {Altman, Douglas G},
  title     = {Practical statistics for medical research},
  year      = {1990},
  publisher = {CRC press},
}

@InProceedings{hielscher2003assessment,
  author       = {Hielscher, Andreas H and Klose, Alexander D and Scheel, Alexander K and Backhaus, Marina and Netz, Uwe J and Beuthan, Juergen},
  title        = {Assessment of finger joint inflammation by diffuse optical tomography},
  booktitle    = {European Conference on Biomedical Optics},
  year         = {2003},
  organization = {Optical Society of America},
  pages        = {5138\_46},
}

@Article{Kay2012,
  author        = {Kay, J and Upchurch, K S.},
  title         = {{ACR/EULAR 2010 rheumatoid arthritis classification criteria}},
  journal       = {Rheumatology},
  year          = {2012},
  volume        = {51},
  number        = {suppl_6},
  month         = {11},
  pages         = {vi5-vi9},
  issn          = {1462-0324},
  __markedentry = {[Dan:6]},
}

@Article{jennings2008rheumatic,
  author    = {Jennings, Fabio and Lambert, Elaine and Fredericson, Michael},
  title     = {Rheumatic diseases presenting as sports-related injuries},
  journal   = {Sports Medicine},
  year      = {2008},
  volume    = {38},
  number    = {11},
  pages     = {917--930},
  publisher = {Springer},
}

@Article{brun2000paradox,
  author    = {Brun, JF and Bouchahda, C and Chaze, D and A{\"\i}ssa Benhaddad, A and Micallef, JP and Mercier, J},
  title     = {The paradox of hematocrit in exercise physiology: which is the “normal” range from an hemorheologist's viewpoint?},
  journal   = {Clinical hemorheology and microcirculation},
  year      = {2000},
  volume    = {22},
  number    = {4},
  pages     = {287--303},
  publisher = {IOS Press},
}

@Article{lu2019graph,
  author  = {Lu, Wenqi and Duan, Jinming and Orive-Miguel, David and Herve, Lionel and Styles, Iain B},
  title   = {Graph-and finite element-based total variation models for the inverse problem in diffuse optical tomography},
  journal = {arXiv preprint arXiv:1901.01969},
  year    = {2019},
}

@InCollection{mcbride2003strategies,
  author    = {McBride, Troy O and Pogue, Brian W and {\"O}sterberg, Ulf L and Paulsen, Keith D},
  title     = {Strategies for absolute calibration of near infrared tomographic tissue imaging},
  booktitle = {Oxygen Transport to Tissue XXIV},
  year      = {2003},
  publisher = {Springer},
  pages     = {85--99},
}

@Article{chen1992object,
  author    = {Chen, Yang and Medioni, G{\'e}rard},
  title     = {Object modelling by registration of multiple range images},
  journal   = {Image and vision computing},
  year      = {1992},
  volume    = {10},
  number    = {3},
  pages     = {145--155},
  publisher = {Elsevier},
}

@Article{fedorow2010cerebral,
  author    = {Fedorow, Christine and Grocott, Hilary P},
  title     = {Cerebral monitoring to optimize outcomes after cardiac surgery},
  journal   = {Current Opinion in Anesthesiology},
  year      = {2010},
  volume    = {23},
  number    = {1},
  pages     = {89--94},
  publisher = {LWW},
}

@Article{caprile1990using,
  author    = {Caprile, Bruno and Torre, Vincent},
  title     = {Using vanishing points for camera calibration},
  journal   = {International journal of computer vision},
  year      = {1990},
  volume    = {4},
  number    = {2},
  pages     = {127--139},
  publisher = {Springer},
}

@Article{wu2015fast,
  author    = {Wu, Xue and Eggebrecht, Adam T and Ferradal, Silvina L and Culver, Joseph P and Dehghani, Hamid},
  title     = {Fast and efficient image reconstruction for high density diffuse optical imaging of the human brain},
  journal   = {Biomedical optics express},
  year      = {2015},
  volume    = {6},
  number    = {11},
  pages     = {4567--4584},
  publisher = {Optical Society of America},
}

@InProceedings{eames2008efficient,
  author       = {Eames, Matthew E and Pogue, Brian W and Yalavarthy, Phaneendra K and Dehghani, Hamid},
  title        = {An Efficient Jacobian Reduction Method For Image Reconstruction Using Diffuse Optical Tomography},
  booktitle    = {Biomedical Optics},
  year         = {2008},
  organization = {Optical Society of America},
  pages        = {BSuE35},
}

@Article{stack2019delays,
  author    = {Stack, R J and Nightingale, P and Jinks, C and Shaw, K and Herron-Marx, S and Horne, R and Deighton, C and Kiely, P and Mallen, C and Raza, K},
  title     = {Delays between the onset of symptoms and first rheumatology consultation in patients with rheumatoid arthritis in the UK: an observational study},
  journal   = {BMJ open},
  year      = {2019},
  volume    = {9},
  number    = {3},
  pages     = {e024361},
  publisher = {British Medical Journal Publishing Group},
}

@Article{hider2019symptoms,
  author  = {Hider, S L and Muller, S and Helliwell, T and Prior, J A and Scott, I and Lawton, S A and Zwierska, I and van Schaardenburg, D and van der Helm-van Mil, A and Raza, K and others},
  title   = {Symptoms associated with inflammatory arthritis are common in the primary care population: results from the joint symptoms survey},
  journal = {Rheumatology},
  year    = {2019},
}

@Article{ostergaard2003omeract,
  author    = {{\O}stergaard, Mikkel and Peterfy, Charles and Conaghan, Philip and McQueen, Fiona and Bird, Paul and Ejbjerg, Bo and Shnier, Ron and O'Connor, Philip and Klarlund, Mette and Emery, Paul and others},
  title     = {OMERACT Rheumatoid Arthritis Magnetic Resonance Imaging Studies. Core set of MRI acquisitions, joint pathology definitions, and the OMERACT RA-MRI scoring system.},
  journal   = {The Journal of rheumatology},
  year      = {2003},
  volume    = {30},
  number    = {6},
  pages     = {1385--1386},
  publisher = {The Journal of Rheumatology},
}

@InProceedings{dehghani2019deep,
  author       = {Dehghani, Hamid and Feng, Yangqin and Lighter, Daniel and Zhang, Lei and Wang, Yan},
  title        = {Deep neural networks improve diagnostic accuracy of rheumatoid arthritis using diffuse optical tomography},
  booktitle    = {Diffuse Optical Spectroscopy and Imaging VII},
  year         = {2019},
  volume       = {11074},
  organization = {International Society for Optics and Photonics},
  pages        = {110741I},
}

@Article{davies2017frequency,
  author    = {Davies, David James and Clancy, Michael and Lighter, Daniel and Balanos, George M and Lucas, Samuel John Edwin and Dehghani, Hamid and Su, Zhangjie and Forcione, Mario and Belli, Antonio},
  title     = {Frequency-domain vs continuous-wave near-infrared spectroscopy devices: a comparison of clinically viable monitors in controlled hypoxia},
  journal   = {Journal of clinical monitoring and computing},
  year      = {2017},
  volume    = {31},
  number    = {5},
  pages     = {967--974},
  publisher = {Springer},
}

@Article{dempsey2015data,
  author    = {Dempsey, Laura A and Cooper, Robert J and Roque, Tania and Correia, Teresa and Magee, Elliott and Powell, Samuel and Gibson, Adam P and Hebden, Jeremy},
  title     = {Data-driven approach to optimum wavelength selection for diffuse optical imaging},
  journal   = {Journal of biomedical optics},
  year      = {2015},
  volume    = {20},
  number    = {1},
  pages     = {016003},
  publisher = {International Society for Optics and Photonics},
}

@Article{dempsey2017geometrically,
  author    = {Dempsey, Laura A and Persad, Melissa and Powell, Samuel and Chitnis, Danial and Hebden, Jeremy C},
  title     = {Geometrically complex 3D-printed phantoms for diffuse optical imaging},
  journal   = {Biomedical optics express},
  year      = {2017},
  volume    = {8},
  number    = {3},
  pages     = {1754--1762},
  publisher = {Optical Society of America},
}

@Article{woltman2007liquid,
  author    = {Woltman, Scott J and Jay, Gregory D and Crawford, Gregory P},
  title     = {Liquid-crystal materials find a new order in biomedical applications},
  journal   = {Nature materials},
  year      = {2007},
  volume    = {6},
  number    = {12},
  pages     = {929},
  publisher = {Nature Publishing Group},
}

@InProceedings{ayers2008fabrication,
  author       = {Ayers, Frederick and Grant, Alex and Kuo, Danny and Cuccia, David J and Durkin, Anthony J},
  title        = {Fabrication and characterization of silicone-based tissue phantoms with tunable optical properties in the visible and near infrared domain},
  booktitle    = {Design and Performance Validation of Phantoms Used in Conjunction with Optical Measurements of Tissue},
  year         = {2008},
  volume       = {6870},
  organization = {International Society for Optics and Photonics},
  pages        = {687007},
}

@Article{mcbride1999spectroscopic,
  author    = {McBride, Troy O and Pogue, Brian W and Gerety, Ellen D and Poplack, Steven B and {\"O}sterberg, Ulf L and Paulsen, Keith D},
  title     = {Spectroscopic diffuse optical tomography for the quantitative assessment of hemoglobin concentration and oxygen saturation in breast tissue},
  journal   = {Applied optics},
  year      = {1999},
  volume    = {38},
  number    = {25},
  pages     = {5480--5490},
  publisher = {Optical Society of America},
}

@Article{geng2011structured,
  author    = {Geng, Jason},
  title     = {Structured-light 3D surface imaging: a tutorial},
  journal   = {Advances in Optics and Photonics},
  year      = {2011},
  volume    = {3},
  number    = {2},
  pages     = {128--160},
  publisher = {Optical Society of America},
}

@PhdThesis{taylor2018quantitative,
  author = {Taylor, Shelley Louise},
  title  = {Quantitative bioluminescence tomography: hardware and software development for a multi-modal imaging system},
  year   = {2018},
  school = {University of Birmingham},
}

@Article{feng2020application,
  author    = {Feng, Yangqin and Lighter, Daniel and Zhang, Lei and Wang, Yan and Dehghani, Hamid},
  title     = {Application of deep neural networks to improve diagnostic accuracy of rheumatoid arthritis using diffuse optical tomography},
  journal   = {Quantum Electronics},
  year      = {2020},
  volume    = {50},
  number    = {1},
  pages     = {21},
  publisher = {IOP Publishing},
}

@Comment{jabref-meta: databaseType:biblatex;}
